2782 4958
526 379 566 420 an
589 377 786 423 aornnunsro.
1184 356 1222 418 lli

111 544 242 619 minibus.
274 546 383 618 Pauca
405 545 521 630 solum,
541 570 580 618 er
602 545 720 632 multis,
741 570 825 644 quae
845 545 1015 619 memorari
1035 557 1218 644 potuerant,

115 669 193 742 veluti
214 668 447 757 delibavimus,
475 669 532 743 sed
556 694 641 769 quae
660 669 796 751 instituti
820 669 969 742 brevitati
993 668 1144 743 sufficere
1167 667 1219 739 vi-

116 791 264 867 debantur.
302 795 372 866 Nec
394 819 472 867 vero
492 808 539 866 est
560 793 649 892 quod
671 800 720 882 ort,
744 797 808 892 qud
828 794 933 866 exorsi
954 817 1077 880 sumus,
1093 793 1219 863 ratione

117 915 190 990 talam
213 915 255 991 ad
278 915 374 989 linem
402 944 506 1018 usque
530 935 737 1017 perieramus
753 917 947 993 inchoatam.
987 919 1070 991 Nam
1092 916 1221 1014 singulo

117 1039 245 1139 danoeps
263 1043 292 1114 'V
296 1041 334 1113 iri
352 1042 428 1129 lata,
449 1042 498 1115 vel
520 1067 677 1140 prospera
694 1042 746 1114 vel
768 1041 914 1128 adversa,
936 1066 994 1138 per
1013 1041 1098 1114 vitae
1118 1063 1220 1111 annos

117 1162 234 1261 digesta
260 1179 413 1238 accurate
435 1190 474 1239 ac
495 1164 590 1263 plene
609 1164 783 1240 memoriae
805 1163 1018 1262 prodiderunt
1039 1163 1101 1237 alii.
1137 1162 1221 1247 Qui·

117 1287 164 1360 bus
178 1289 288 1386 igitur,
309 1315 392 1388 quas
412 1315 451 1363 ex
476 1290 632 1364 relatione
654 1289 794 1389 quisque
816 1295 876 1362 sud
903 1288 1033 1361 meritas
1055 1286 1217 1372 tulerunt,

116 1406 205 1483 laudes
225 1409 369 1507 integras
386 1411 570 1512 relinquere
590 1413 685 1501 malo,
704 1438 803 1512 quam
822 1437 897 1485 cum
918 1436 1030 1486 eorum
1052 1433 1218 1510 quoquam

116 1533 317 1608 maritatione
337 1536 510 1633 capiaede
534 1538 644 1634 palma
666 1536 873 1610 contendere.
925 1537 1046 1610 Verum
1072 1533 1160 1609 nullo
1186 1557 1219 1606 re

117 1655 210 1757 nugis,
243 1683 342 1757 quam
371 1659 534 1732 subtiliter
562 1674 662 1760 atque
691 1660 857 1757 eleganter
885 1657 1065 1733 enarranda
1101 1656 1222 1730 Christi

116 1773 254 1856 &nablis
273 1781 404 1856 lastaria
432 1783 594 1882 variisque
617 1789 690 1879 ejus
716 1784 864 1882 partibus
882 1781 1097 1866 illustrandis,
1121 1780 1218 1854 uobi-

118 1898 220 1978 ltntum
247 1931 319 1980 esse
343 1906 663 2005 Royaardsium
695 1932 791 1980 nemo
818 1907 937 1994 nescit,
966 1906 1080 1979 barum
1109 1929 1218 1977 rerum

116 2047 164 2098 non
181 2028 273 2126 plane
292 2030 434 2126 ignarus.
474 2029 635 2116 Quocirca
657 2030 759 2126 hujus
779 2028 963 2126 scriptionis
988 2053 1062 2099 cnm
1083 2026 1217 2101 consilio

117 2167 231 2225 mxime
249 2152 428 2226 'convenire
450 2153 594 2242 videtur,
620 2178 659 2227 ac
683 2179 757 2226 cum
784 2152 1000 2236 Auditorum,
1021 2150 1144 2250 quibus
1165 2148 1219 2220 hlc

116 2270 189 2347 tlbnr
209 2274 364 2372 prodesse
381 2301 553 2363 conamur,
573 2275 711 2349 utilitate
733 2275 879 2375 apprime
898 2274 1109 2370 conjunctum
1127 2295 1216 2358 esse,

116 2405 143 2467 n
156 2403 216 2497 qut
234 2399 287 2472 via
306 2425 345 2472 ac
369 2400 597 2498 progressione
617 2399 657 2472 ad
678 2398 903 2498 gravissimum
924 2396 1077 2470 Historici
1099 2420 1219 2471 munus

114 2513 278 2596 obeundum
291 2523 445 2620 formatus
457 2524 499 2596 sit
516 2550 554 2596 ac
568 2537 796 2622 praeparatas,
811 2534 843 2595 et
860 2519 1139 2620 quampraeclara
1158 2518 1219 2592 hu·

110 2634 297 2730 jtsnominis
313 2647 470 2721 honorem
490 2648 592 2721 tuitus
613 2650 655 2720 sit
671 2647 781 2746 paullo
802 2645 986 2720 distinctius
1003 2646 1216 2744 inquiramus.

149 2770 228 2843 Hinc
255 2771 354 2868 igitur
382 2789 418 2844 ut
442 2772 620 2861 ordiamur,
643 2770 684 2843 ad
711 2771 806 2844 talem
828 2796 921 2859 enm,
941 2770 1070 2869 qualem
1098 2794 1222 2866 cogno-

108 2884 214 2983 vimus,
240 2893 482 2968 informandum
513 2920 551 2968 ac
578 2893 768 2993 fingendum
803 2895 1020 2983 Historicum,
1048 2895 1118 2992 ipso
1146 2919 1218 2968 mo-

106 3003 224 3090 donante
246 3019 316 3090 Deo
337 3018 375 3090 Ο.
400 3020 455 3105 nt,
483 3017 579 3090 solito
605 3018 715 3116 plures
740 3031 978 3091 concurrerunt
998 3033 1098 3116 atque
1116 3018 1219 3090 amice

106 3140 321 3238 suspirarunt
342 3168 476 3215 caussae
498 3156 530 3215 et
550 3143 812 3240 opportunitates
830 3143 892 3240 (l).
936 3142 1067 3214 Patrem
1085 3140 1217 3227 babuit,

106 3273 157 3334 ton
174 3289 191 3337 a
209 3264 392 3362 theologica
413 3265 517 3339 solum
537 3265 736 3338 celebratum
763 3265 965 3348 eruditione,
990 3262 1047 3337 scd
1065 3263 1215 3351 eundem,

106 3400 212 3474 {nanta
232 3389 393 3460 Historiae
414 3390 446 3460 in
470 3388 561 3460 nulla
583 3414 647 3460 non
669 3388 839 3487 disciplina
862 3388 910 3460 vis
930 3399 1014 3462 esset
1034 3398 1134 3484 atque
1158 3385 1219 3458 uti·

106 3499 163 3582 llas
192 3511 313 3610 optime
339 3510 596 3610 perspicientem.
649 3512 752 3609 Cujus
785 3512 830 3584 rei
858 3511 1090 3585 documentum
1120 3507 1218 3582 edere

106 3646 180 3705 urat
206 3648 273 3705 tam
300 3634 464 3732 ignotum,
493 3658 592 3732 quam
618 3634 780 3731 praesenti
804 3636 1017 3731 conjunctum
1038 3659 1113 3706 cum
1143 3659 1219 3705 nar-

107 3755 222 3830 arione.
258 3757 409 3830 Novitiae
434 3757 551 3856 aliquis
570 3771 640 3830 erat
663 3759 785 3831 Ductor
804 3757 1020 3846 academicus,
1047 3758 1218 3857 utriusque

107 3872 289 3979 liquanndin
301 3879 433 3977 Collega
454 3880 732 3979 Royaardsii,
751 3881 853 3981 quiin
872 3881 1040 3980 Tbcolapid
1051 3882 1216 3971 Naturali,

107 4019 175 4095 {uae
191 4030 318 4104 nupero
331 4005 570 4102 Theologorum
588 4019 758 4104 compacto
776 4004 922 4079 docenda
940 4004 968 4076 ei
987 4005 1217 4095 incumbebat,

107 4125 301 4201 retamenta
319 4154 354 4200 se
374 4128 523 4200 laborare
543 4128 597 4201 illo
615 4154 724 4202 coram
750 4131 834 4201 Sene
856 4146 1120 4228 conquereretur.
1157 4129 1218 4203 Cui

107 4244 165 4339 tic,
193 4261 317 4350 παῦρα
338 4253 427 4343 μὲν,
448 4250 542 4324 atta
565 4251 670 4346 μάλα
694 4252 845 4350 λιγέωςε
868 4251 982 4342 »Ouia
1003 4250 1078 4342 Ta”,
1101 4252 1216 4353 inquit,

107 4420 232 4447 *uu-..-

136 4523 176 4596 (1)
195 4527 238 4582 cf.
261 4529 374 4585 omniuo
395 4529 633 4598 Oosterzdus,
655 4531 676 4584 l.
697 4530 729 4598 l.,
751 4549 779 4601 p.
804 4537 868 4586 177.

1056 4631 1106 4697 23<-
