2782 4958
124 315 168 379 30
606 333 763 377 ursnorurr

125 503 340 590 Hitaigius
361 501 439 589 (1)?
474 499 564 572 Quod
588 501 646 585 ipsi
670 501 744 565 adeo
766 499 837 566 libri
860 500 1030 568 laudatores
1052 523 1171 568 summo
1188 504 1257 587 jure

125 617 394 704 reprehenderant,
427 616 461 680 in
483 615 603 702 magnis
632 615 664 680 id
694 614 761 699 ejus
783 615 949 682 virtutibus
971 618 1113 702 reponit;
1145 619 1257 704 quippe

125 735 196 819 qui,
220 731 376 796 versionis
397 728 481 794 illius
500 750 567 815 cpe,
590 729 685 794 multa
702 729 831 795 feliciter
850 732 1012 796 sanaverit.
1046 731 1104 796 list
1126 732 1256 810 seilicet,

125 847 211 932 quasi
234 845 320 910 alteri
342 841 487 930 plaudens
511 841 569 907 sibi
591 842 730 929 plausum
752 846 930 929 quaesierit,
959 845 1093 930 ejusdem
1115 846 1258 912 audaciae

126 963 152 1026 si
175 960 359 1046 quisalius,
381 959 482 1024 socius
503 957 726 1044 Hitaigins.

170 1189 247 1267 Sed,
276 1187 334 1252 hoc
361 1187 453 1250 misso
479 1185 557 1249 Viro
586 1185 675 1250 docto
704 1190 795 1270 atque
825 1187 1004 1272 ingenioso,
1039 1186 1078 1250 de
1098 1185 1258 1252 'Phanio

6 1315 14 1321 '
125 1325 215 1390 porro
237 1303 411 1376 videamns;
442 1321 531 1395 quem
554 1301 588 1364 in
610 1301 731 1386 Rapum
758 1299 845 1365 libris
868 1300 1055 1386 corrigendis
1076 1301 1259 1386 prudentius

127 1440 162 1485 ac
176 1416 357 1492 modestius,
372 1435 460 1500 quam
473 1416 505 1478 in
520 1413 670 1480 Samuelis
685 1413 772 1479 libris
787 1419 941 1480 versatum
957 1436 1031 1492 esse,
1052 1436 1122 1479 cunr
1137 1414 1258 1478 uaer-

127 1533 250 1613 schio‚
276 1530 413 1606 Censori,
428 1550 517 1614 quem
530 1550 619 1615 supra
637 1530 713 1603 dixi.
728 1527 882 1603 Helvetia,
900 1529 1067 1607 consentio,
1084 1533 1150 1593 tum
1166 1528 1258 1593 laudo

127 1647 293 1732 laetorque.
342 1643 534 1728 Quamquam
557 1643 652 1708 vel
628 1665 672 1707 src
700 1648 801 1710 tamen
830 1647 922 1710 nimis
939 1646 1113 1729 frequentia
1135 1666 1257 1710 manere

121 1761 223 1846 prisci
244 1759 372 1844 corripio
393 1760 491 1833 ruris,
515 1756 616 1820 idt
570 1760 616 1820 cst
638 1756 749 1820 nimiae
771 1778 841 1822 curn
863 1758 1138 1824 Alexandrinorum
1159 1759 1257 1823 admi·

110 1871 264 1950 rationis,
285 1877 352 1936 tum
377 1868 617 1935 Masoretharum
629 1871 853 1948 contemtionis,
877 1889 937 1956 quo
952 1893 1075 1956 majoris
1085 1871 1168 1936 hnnc
1178 1871 1258 1935 sacro

126 1989 337 2072 Interpretem,
360 2005 395 2048 eo
410 1984 575 2068 impensius
595 1983 693 2047 doleo.
719 1985 768 2047 In
775 1985 914 2049 Introire
935 1986 1069 2070 quidem,
1084 1983 1138 2050 ubi
1152 1986 1258 2050 critico

126 2086 264 2168 recenset
277 2099 425 2174 calcidio,
440 2099 565 2162 caeteris
580 2097 780 2163 Versionibns
796 2101 928 2182 antiquis
950 2099 1173 2185 praeferendam
1193 2119 1258 2162 esre

126 2214 376 2280 Alerorrdrirrom
394 2214 465 2296 jure
485 2200 602 2289 statuit,
626 2213 665 2277 de
686 2215 723 2276 eb
737 2224 837 2278 antem
858 2214 891 2277 in
902 2213 980 2278 hanc
999 2215 1061 2278 fere
1076 2215 1258 2278 sententiam

127 2330 269 2413 disputat.
293 2327 501 2412 Principatum
516 2325 634 2391 obtinet
644 2327 807 2404 Romana,
822 2347 899 2412 quae
918 2327 1062 2394 Vaticano
1077 2349 1115 2391 ex
1130 2328 1256 2405 Codice,

127 2446 218 2509 ducta
236 2450 292 2521 est,
314 2443 420 2506 editio.
457 2441 547 2507 Hanc
569 2443 663 2526 ipsam
686 2443 808 2526 quidem
838 2443 1002 2507 editionem
1029 2442 1189 2527 permultis
1208 2442 1257 2506 in·

126 2559 281 2642 quinatam
304 2557 441 2622 videmus
467 2556 633 2640 scripturae
660 2554 824 2636 erroribus,
855 2555 982 2635 lacunis,
1012 2554 1254 2640 trajectionibus,

127 2668 373 2756 repetitionibus,
398 2669 622 2733 additamentis.
669 2669 786 2734 Verum
809 2668 900 2755 longe
922 2670 1063 2755 pleraque
1084 2669 1165 2733 haec*
1181 2670 1258 2733 vitia

126 2806 187 2850 non
210 2785 268 2870 ipsi
291 2781 423 2868 objicere
440 2782 529 2867 jubet
550 2784 715 2869 Interpreti
738 2785 973 2861 accuratissimo,
991 2784 1043 2848 sed
1064 2783 1258 2849 librariorum

125 2906 179 2984 pot
179 2900 239 2977 ins,
264 2899 383 2962 codices
404 2897 584 2962 describent
561 2905 653 2973 t,ram
674 2899 878 2985 negligentiae
902 2921 937 2964 ac
960 2897 1121 2963 socordiae.
1155 2897 1258 2962 Inter·

126 3017 221 3100 pratis
242 3014 404 3090 enim,a1t
407 3032 586 3090 ‚summam
609 3015 700 3080 fidem
723 3034 758 3079 ac
779 3016 958 3101 religionem
973 3014 1149 3100 plerumque
1168 3033 1258 3097 repo·

127 3131 185 3194 sita
217 3128 463 3192 demonstrant
453 3148 517 3212 rpsa
539 3127 648 3206 verba,
681 3130 775 3194 immo
807 3129 926 3194 litterae
956 3126 1143 3204 Hebraieae,
1165 3130 1257 3211 atque

127 3261 282 3328 expressae
304 3241 457 3321 lectiones,
484 3262 558 3326 quas
579 3243 705 3308 vitiosas
726 3264 791 3308 esse
812 3243 900 3309 facile
914 3243 1031 3307 videret
1044 3244 1119 3328 ipse.
1145 3240 1257 3325 Neque

80 3423 83 3426 Α
126 3360 206 3423 eninr
226 3357 330 3443 paucis
344 3357 428 3421 vitiis
442 3358 600 3442 inquinato
614 3355 883 3442 lacunisque‘usus
905 3362 951 3421 est
965 3357 1078 3422 (lodice
1092 3354 1255 3420 Hebraico.

126 3474 226 3538 Imnr'o
248 3476 336 3538 tautt
355 3478 420 3538 erat
441 3473 602 3557 religione,
627 3478 674 3556 nt,
699 3474 726 3536 si
749 3493 823 3557 quas
844 3494 905 3536 non
921 3469 1112 3557 intelligebat
1126 3475 1178 3534 aut
1198 3469 1257 3534 da.-

126 3586 191 3652 bias
213 3594 401 3674 suspectasve
425 3585 553 3651 habebat
575 3607 680 3664 voces,
703 3584 870 3652 Hebraicos
893 3606 994 3650 aarum
1018 3605 1107 3649 sonos
1130 3583 1257 3648 Graecis

126 3676 238 3766 litteris
259 3701 425 3767 rescribere
446 3701 565 3781 mallet,
592 3722 681 3786 quam
704 3702 888 3782 Graecorum
911 3703 944 3765 in
966 3700 1103 3786 linguam
1123 3709 1255 3774 vertere,-

126 3819 170 3881 ita
193 3825 291 3880 tamen
314 3824 349 3881 nt
363 3819 395 3882 in
420 3817 491 3881 solis
509 3817 663 3881 Idolornm
679 3815 852 3881 nominibus
868 3815 1028 3880 reddendis
1050 3813 1162 3897 majore
1185 3815 1256 3876 ute·

127 3935 212 3995 retur
232 3927 381 3994 libertate.
427 3929 587 3994 Caeterum
616 3935 717 3994 tantae
747 3928 819 3995 hnic
849 3929 915 4013 ejus
945 3927 1016 3993 fidei
1046 3946 1109 3991 non
1137 3944 1256 4009 semper

124 4096 264 4109 ——n—-

160 4214 200 4279 (l)
218 4214 262 4265 Ab
278 4215 327 4265 hoc
344 4215 487 4278 conscripta
503 4229 611 4265 censura
627 4215 677 4264 vid.
697 4213 725 4263 in
742 4213 772 4263 E.
791 4212 930 4276 Zelleri,
955 4211 1020 4264 rbeol.
1036 4209 1203 4269 Jalrbir'cber,
1222 4209 1255 4259 ed

127 4322 151 4358 a.
171 4314 243 4359 184³.
260 4314 286 4371 2,
301 4324 328 4374 p.
348 4310 398 4357 278
416 4322 468 4371 sqq.
487 4333 519 4344 -·
537 4306 655 4357 Conferri
671 4307 747 4357 etiam
764 4314 847 4372 potest
872 4307 1098 4359 Rheirrwaldii
1120 4303 1179 4370 alep.
1199 4301 1254 4354 Re-

125 4409 213 4466 pertor.
233 4392 277 4454 der
294 4400 360 4454 rbeol.
375 4401 425 4454 na.
441 4401 476 4452 ad
489 4417 519 4452 m.
538 4400 640 4466 Aaqast.
653 4417 677 4453 a.
697 4405 771 4452 1844.

124 4505 140 4530 O
