2782 4958
608 343 782 385 1111111111.
1196 317 1256 378 lat

120 543 184 607 que
215 516 383 583 luminibus
412 516 580 596 frequenter
610 511 820 575 illustraretur.
870 509 969 582 Ouum
996 507 1168 591 praesertim
1195 505 1256 591 ple·

123 655 304 717 rarumque,
330 651 406 714 quac
427 635 501 693 tunc
514 625 721 690 'audiebantur
743 646 776 688 ac
798 622 997 709 legebantur,
1022 623 1191 686 orationum
1215 644 1257 685 sa·

123 770 246 814 orarum
268 745 436 810 ariditatem
459 741 645 806 1111111111
661 761 695 804 11
712 737 903 824 jejunitatem
927 735 1111 800 dialecticam
1126 735 1258 800 fastidire

125 862 311 946 incepissent
335 857 482 940 aequales.

171 1088 251 1164 Sed,
281 1086 372 1150 sicuti
401 1083 505 1148 multis
537 1082 709 1147 mortalium
732 1082 765 1144 in
788 1080 877 1145 rebus
900 1085 989 1164 atqua
1012 1079 1139 1162 inceptis
1162 1078 1260 1142 affinia

128 1201 296 1269 virtutibus
319 1222 380 1264 esse
402 1199 538 1264 videmus
560 1198 650 1273 vitia3
672 1198 715 1260 ita
736 1197 790 1278 qni
812 1194 913 1280 paullo
937 1195 1077 1279 cupidius
1100 1215 1158 1272 eas,
1189 1215 1263 1276 quas

127 1318 280 1392 diximus,
312 1315 457 1379 sermonis
491 1312 653 1398 elegantias
676 1311 850 1395 leporesque
878 1315 1026 1376 venantur
1050 1311 1204 1384 Oratores,
1229 1309 1262 1372 in

126 1453 238 1518 magno
269 1429 396 1494 subinde
436 1427 572 1512 periculo
600 1432 755 1491 111111111
785 1448 839 1502 11,
869 1447 943 1509 qnae
978 1424 1114 1510 fulgeant
1143 1424 1261 1488 andito·

126 1567 256 1630 rumque
279 1550 310 1609 et
340 1543 443 1608 oculos
472 1543 696 1627 praestringant
726 1546 757 1605 et
783 1547 902 1626 pectora
925 1540 1132 1605 vehementius
1154 1559 1263 1602 conen·

127 1663 218 1738 tiant,
243 1659 442 1735 institutioni,
468 1658 528 1720 nisi
551 1656 765 1732 substituendi,
782 1661 862 1720 certe
877 1654 1037 1738 aliqnando
1064 1653 1262 1740 praeferendi,

128 1797 205 1859 quae
236 1774 452 1839 sententiarum
480 1771 605 1836 11111111
636 1792 670 1834 11
701 1770 868 1856 gravitate,
902 1776 1042 1852 tanquam
1069 1769 1190 1833 salutari
1212 1791 1266 1853 pa-

129 1888 226 1969 bulo,
251 1910 355 1953 eorum
378 1885 437 1950 alat
459 1886 575 1949 animos
597 1891 687 1968 atque
710 1884 841 1948 edoceat.
881 1885 974 1958 Quem
997 1882 1164 1968 scopulum,
1188 1881 1267 1947 mul-

129 2011 232 2069 torum
255 2002 419 2088 naufragiis
441 2001 593 2074 infamem,
616 2020 677 2062 non
701 2019 816 2082 semper
838 2020 894 2063 nee
914 1997 1026 2081 ubique
1042 1999 1106 2082 pari
1121 1998 1266 2063 felicitate

130 2118 273 2204 effugisse
304 2116 379 2180 mibi
413 2117 495 2179 visus
528 2119 595 2189 est,
631 2113 824 2197 quantumvis
859 2110 1031 2196 eloquentia
1064 2112 1263 2197 praecellens,

131 2232 370 2297 [1111111111.
419 2230 522 2313 Cujus,
549 2235 616 2294 aute
640 2229 693 2294 hos
724 2228 835 2292 multos
865 2249 977 2309 annos,
1009 2249 1070 2290 nou
1097 2226 1196 2291 nullas
1218 2250 1266 2292 mc

133 2345 234 2431 legere
257 2346 381 2409 memini
403 2347 573 2408 conciones.
622 2345 730 2408 Omnes
753 2343 833 2405 enim
856 2348 908 2406 aut
929 2342 1083 2426 plerasque
1104 2346 1183 2405 certe
1201 2342 1227 2404 si
1249 2364 1266 2404 a

133 2481 182 2522 me
206 2457 349 2542 perlectas
371 2480 432 2522 esse
454 2459 648 2532 affirmarem,
671 2457 835 2539 jactantius
857 2456 1006 2535 dicerem,
1040 2477 1130 2537 qnam
1152 2456 1263 2519 verius.

134 2573 193 2638 Sed
216 2573 316 2653 idem,
341 2572 422 2655 quod
445 2593 514 2657 ego,
538 2572 646 2656 passim
670 2572 770 2635 testati
793 2575 865 2634 sunt
886 2568 1136 2655 intelligentiores
1154 2570 1266 2652 quique

133 2683 283 2749 librorum
311 2685 460 2750 Censores.
509 2684 642 2758 Quorum
666 2705 704 2747 111
724 2683 858 2767 judiciis,
894 2683 1028 2766 quamvis
1052 2683 1190 2747 universe
1214 2681 1266 2746 bo-

133 2799 269 2863 norifiois
290 2797 364 2880 illis,
383 2799 464 2862 modo
487 2799 529 2861 ita
552 2797 720 2862 luxurianti
742 2799 826 2862 frena
848 2798 947 2862 laxare
970 2797 1204 2883 deprehenditur
1218 2799 1267 2861 in·

131 2913 225 2998 genio
248 2933 282 2975 ac
303 2911 492 2996 phantasiae,
519 2917 554 2975 11
578 2912 753 2977 Dialectices
778 2919 866 2996 atque
889 2912 1078 2977 Homiletiees
1103 2912 1183 2999 leges
1207 2935 1268 2977 non

132 3026 265 3091 multum
290 3048 394 3091 curare
417 3027 574 3103 videatnr;
601 3063 640 3073 -
664 3029 745 3092 modo
765 3029 934 3092 orationum
958 3028 991 3091 in
1013 3027 1208 3112 dispositione
1224 3036 1270 3092 11-

134 3164 195 3226 que
219 3141 389 3207 elocutione
416 3141 607 3206 ambitiosum
635 3140 757 3224 aliquod
780 3146 909 3206 sectatur
933 3142 1113 3219 artificium,
1143 3164 1203 3225 quo
1223 3164 1268 3207 sa-

133 3258 254 3342 pienter
276 3279 292 3319 a
314 3279 345 3320 se
367 3256 517 3319 dictorum
536 3256 596 3318 vim
622 3259 711 3338 atque
731 3276 854 3318 acumen
880 3254 1015 3319 retundit
1036 3256 1158 3338 potius,
1181 3277 1269 3338 quam

132 3371 279 3435 intendit.
330 3371 452 3434 Accedit
476 3368 603 3433 subinde
627 3369 664 3432 ad
688 3369 885 3433 enervandam
904 3370 965 3433 Viri
984 3369 1189 3434 facundissimi
1205 3392 1271 3435 ora-

132 3487 249 3548 tionem
280 3485 373 3547 nimia
404 3484 547 3567 quaedam
587 3483 729 3547 novitatis
759 3484 906 3547 affectatio
942 3504 976 3547 ac
1006 3485 1097 3547 nimis
1126 3485 1270 3570 cupidum

133 3598 259 3677 aliquod
284 3597 320 3662 ab
340 3600 475 3662 omnium
496 3599 648 3662 communi
669 3598 788 3661 dicendi
809 3599 923 3662 ratione
945 3599 1103 3662 recedendi
1122 3600 1267 3665 studium.

135 3711 224 3787 Quod
247 3717 326 3776 recte
352 3712 470 3776 monuit
490 3710 798 3796 Hagenbachius
821 3713 880 3796 (l).
928 3713 1019 3796 Cujus
1038 3713 1133 3799 igitur
1150 3715 1271 3798 peritis·

134 3826 205 3889 simi
225 3823 330 3890 barum
355 3848 455 3890 rerum
478 3825 590 3890 Arbitri
610 3828 759 3891 monitum
784 3847 821 3890 ne
840 3827 949 3892 frustra
971 3826 1029 3892 sibi
1049 3828 1083 3891 in
1097 3830 1270 3893 memoriam

136 3945 310 4005 revocatum
340 3963 402 4005 esse
428 3942 579 4024 patiantur
607 3942 771 4025 optandum
795 3946 839 4005 est
861 3941 997 4024 juniores
1020 3943 1154 4006 Oratores
1177 3941 1269 4007 ecele-

135 4055 266 4131 siastici3
292 4054 402 4137 quibus
424 4078 455 4119 11
482 4055 604 4139 quidem
628 4062 672 4121 est
692 4079 798 4141 mupnu
821 4063 1011 4132 1111111111,
1035 4056 1085 4119 sed
1110 4058 1183 4139 qui,
1209 4061 1269 4140 qud

134 4168 286 4255 praeclara
309 4175 381 4234 sunt
403 4172 532 4234 11111111
554 4169 706 4249 facultate,
733 4168 829 4236 multo
850 4168 985 4254 pulcrius
1008 4169 1155 4254 dicerent,
1174 4170 1269 4235 multo

172 4434 211 4497 (1)
229 4431 331 4498 Encpcl.
349 4448 374 4497 p.
394 4439 453 4483 380.
