2782 4958
18 356 23 367 ·
141 325 183 386 tt
622 343 779 387 nrssosurr
800 335 803 339 “

144 527 244 573 versas
265 505 388 592 quidem
406 505 606 575 Grammatici
630 514 731 591 partes
745 513 838 587 reete,
856 513 991 595 quamvis
1006 510 1156 592 breviter,
1172 515 1270 579 tuitus

143 630 190 690 cst
211 629 328 699 anoton
361 624 414 688 sed
437 625 474 689 ad
488 625 687 708 -quaestiones
707 624 855 708 imprimis
877 625 1070 691 illustrandas
1096 627 1267 706 tiedericus,

143 730 402 825 arebowlopicas,
428 739 651 824 propraplicas
679 736 828 822 permulta
849 759 928 804 nova
956 740 1117 824 eademque
1140 761 1210 806 vera
1239 746 1297 805 et'

141 853 271 938 optimae
292 851 391 938 frugis
413 851 527 916 attulit.
576 850 691 917 Verum
714 850 839 937 longum
863 858 910 917 est
935 874 991 918 nec
1013 855 1123 920 attinet
1145 856 1267 931 effusas,

141 967 252 1052 quibus
274 967 476 1052 Interpretem
499 966 586 1035 effert
600 963 728 1046 Censor,
746 965 860 1049 laudes,
883 969 988 1052 paucis
1009 971 1188 1053 temperatas
1203 968 1270 1035 illas

140 1079 375 1164 objectionibus,
400 1078 458 1147 hoc
480 1078 547 1144 loco
565 1099 718 1163 reponere.

184 1196 225 1260 In
246 1200 332 1260 tanto
355 1199 456 1259 autem
478 1192 537 1259 hoc
548 1193 687 1277 judicum
703 1193 806 1259 eodem
823 1193 859 1257 de
874 1191 953 1265 libro
968 1192 1116 1274 dissensu,
1134 1199 1268 1273 nostram

139 1310 266 1374 forsitan
288 1307 453 1372 modestam
477 1308 620 1391 epiorisio
641 1329 681 1370 ne
702 1327 784 1370 nnnc
806 1306 928 1390 quidem
949 1307 1189 1386 intempestivam
1213 1307 1268 1372 ha·

138 1423 225 1490 bebis
246 1445 304 1488 nec
325 1421 412 1507 plene
427 1421 619 1505 superfluam
637 1441 707 1485 cnm
719 1421 896 1505 praesertim
910 1442 971 1485 non
988 1423 1084 1506 magis
1108 1422 1269 1503 Evaldii

137 1560 193 1605 nos
216 1539 268 1604 ira
289 1542 420 1614 moveat,
444 1558 534 1621 quem
560 1535 781 1606 Riietsohii
803 1537 951 1617 studium.
998 1537 1147 1601 Universa
1169 1538 1270 1621 igitur

137 1656 183 1721 sic
205 1658 317 1719 statuo.
359 1651 459 1718 Multa
481 1673 561 1730 vere,
584 1656 682 1725 acute,
700 1648 819 1713 utiliter
833 1649 912 1724 dixit
926 1650 1091 1734 Interpres,
1108 1650 1141 1715 in
1157 1649 1269 1735 quibus

137 1789 200 1835 non
222 1769 309 1854 plane
331 1767 461 1843 desunt,
486 1788 563 1851 quae
585 1766 729 1829 novitatis
759 1758 862 1848 aliqud
882 1764 950 1829 luce
973 1765 1159 1850 splendeant.
1207 1766 1268 1830 Sed

135 1881 247 1948 nollem
269 1883 350 1946 idem
373 1880 517 1947 historiae
540 1901 640 1947 sacrae
654 1879 743 1945 fidem
760 1897 794 1940 ac
810 1877 1014 1953 veracitatem,
1032 1899 1123 1963 quam
1137 1876 1267 1962 plerum·

135 2014 195 2080 que
217 1999 339 2058 strenue
362 1997 476 2071 tuetur,
503 1990 630 2055 subinde
651 1997 764 2055 temere
778 1990 813 2053 in
829 1988 955 2054 dubium
969 1995 1117 2056 vootsset.
1143 1992 1267 2058 Nollem

136 2108 173 2173 de
196 2108 315 2194 Rapum
329 2106 417 2178 libris
435 2108 546 2171 iterum
569 2108 740 2190 iterumque
754 2105 874 2169 resectis
890 2125 924 2167 ac
940 2107 1108 2185 retractatis
1124 2127 1158 2170 ea
1173 2107 1268 2171 dixis·

134 2225 190 2300 set,
213 2243 289 2305 qnae
312 2220 454 2304 majorem
477 2218 514 2283 ab
537 2220 662 2304 ingenio
685 2219 975 2283 commendationem
997 2219 1118 2300 habent,
1142 2242 1267 2305 quama

133 2333 354 2420 probabilitate.
387 2326 522 2402 'Nollem
545 2332 831 2404 Alsaandrioorum
854 2333 996 2398 Versioni
1019 2336 1052 2400 id
1074 2339 1267 2405 auctoritatis

133 2448 306 2527 tribuisset,
330 2469 364 2512 ac
387 2449 414 2511 si
438 2447 689 2516 Mosoretborom
711 2447 794 2517 nulla
816 2446 891 2510 fides
913 2452 1008 2526 esset,
1031 2447 1114 2513 nulla
1129 2449 1162 2512 in
1176 2454 1266 2522 textu

133 2562 346 2645 constituendo
368 2560 520 2627 Hebraico
542 2581 615 2625 eura
637 2582 672 2624 sc
694 2560 864 2644 diligentia.
912 2561 1030 2628 Ve'rnm
1045 2563 1117 2628 haec
1132 2564 1263 2649 aliaque,

133 2697 209 2762 quae
232 2675 321 2743 nobis
343 2675 465 2758 quidem
487 2698 548 2745 non
570 2674 747 2760 probantur,
764 2673 867 2741 Seruii
881 2678 982 2761 potius
996 2680 1183 2764 contagioni,
1202 2703 1265 2749 nou

123 2813 200 2868 raro
214 2791 344 2876 optimos
364 2790 456 2854 etiam
470 2790 618 2859 inficienti
638 2789 809 2873 scriptores,
827 2789 986 2860 tribuenda
1002 2798 1155 2877 putemus,
1173 2817 1263 2881 quam

132 2903 546 2990 Interpretislitteretissimi
569 2909 659 2988 atque
681 2904 821 2971 universe
843 2904 920 2970 bene
942 2906 991 2975 his
1006 2907 1043 2971 de
1067 2908 1177 2975 studiis
1200 2931 1262 2975 me·

132 3023 186 3086 riti
208 3020 257 3085 vel
279 3019 418 3083 inscitiae
441 3018 489 3083 vel
512 3019 716 3104 negligentiae
738 3020 786 3084 vel
809 3019 925 3105 culpae.
972 3021 1029 3086 Sed
1056 3023 1093 3086 de
1116 3002 1260 3108 singulis,

135 3154 212 3220 quas
235 3133 364 3200 maxime
386 3133 419 3200 in
441 3153 565 3197 censum
588 3133 725 3214 veniunt,
750 3134 955 3220 siugulatim„

176 3246 306 3312 Librum
320 3247 418 3331 aperit
435 3246 599 3324 Introduc,
617 3245 760 3315 brevibus
772 3251 869 3317 ,multa
889 3250 1062 3335 complexus
1077 3251 1140 3325 ille:
1167 3255 1259 3336 unde,

131 3362 252 3448 quando
273 3383 313 3425 ne
334 3361 493 3446 praecipua
514 3361 637 3446 quidem
659 3385 828 3447 possumus,
846 3385 942 3448 pauca
956 3370 1051 3438 certe,
1069 3387 1135 3449 age,
1157 3389 1260 3435 exsere

130 3498 248 3563 pamas.
296 3474 487 3542 'I'henium
510 3476 609 3560 igitur
630 3476 656 3544 si
679 3477 776 3552 audis,
817 3476 939 3562 Rapum
961 3475 1044 3541 hisce
1076 3476 1163 3541 libris
1184 3501 1261 3563 opus

131 3593 320 3666 continetur,
353 3591 417 3655 suis
446 3588 621 3655 conclusum
644 3588 799 3673 pertibus,
828 3611 886 3653 nec
909 3612 978 3657 cum
1002 3589 1152 3657 Samuelis
1173 3592 1262 3659 libris

131 3709 222 3774 ullam
245 3706 359 3773 habens
381 3706 638 3790 conjunctionem.
686 3704 776 3768 Hanc
806 3705 929 3788 quidem
950 3704 1034 3770 illiue
1060 3707 1257 3785 sententiam,

131 3822 168 3887 de
190 3825 250 3906 qud
272 3825 411 3887 neutram
431 3821 466 3885 in
489 3824 602 3904 partem
623 3818 740 3902 judico,
766 3819 877 3900 acrius,
894 3840 983 3903 quam
1003 3839 1050 3882 res
1074 3819 1258 3903 requirebat,

129 3934 323 4019 reprehendit
344 3932 553 3997 Evvaldius.
599 3933 657 3996 Sed
681 3955 770 4017 porro
792 3932 986 3997 'Phanium
1019 3934 1192 4011 audiamus,
1216 3937 1259 4000 ita

128 4052 190 4116 fere
212 4050 307 4113 sacris
329 4047 377 4111 his
399 4047 436 4111 de
460 4047 661 4111 monumentis
687 4043 890 4114 statuentem(
917 4048 990 4112 Non
1007 4047 1043 4112 ab
1065 4070 1127 4113 uno
1143 4051 1256 4134 aliquo,

127 4165 238 4250 inquit,
261 4163 292 4228 hi
314 4162 385 4228 libri
410 4163 536 4247 proiecti
558 4167 630 4226 sunt
653 4168 788 4243 auctore,
813 4162 865 4226 sed
886 4165 988 4249 potius
1011 4166 1102 4228 variis
1126 4188 1163 4230 ex
1186 4166 1257 4230 ion·

126 4280 209 4347 tibus
231 4279 331 4344 hausti
355 4300 389 4342 ac
412 4277 576 4363 compilati.
625 4277 735 4362 Operis
757 4281 870 4362 partes,
896 4299 950 4363 pro
974 4279 1104 4359 fontium
1130 4280 1257 4346 diversi·

126 4401 199 4475 tate,
226 4393 300 4458 eliae
322 4392 408 4477 plane
430 4393 592 4467 historicos
615 4395 702 4466 sunt,
734 4390 808 4456 aliae
839 4413 876 4456 ex
899 4395 1061 4460 traditione
1090 4395 1256 4468 derivatae,
