2828 4950
521 346 562 390 DE
585 346 688 390 LIBRIS
711 348 909 392 numerorius.

191 728 277 797 Haec
300 751 338 795 er
356 728 550 816 praefatione
576 732 641 797 sive
657 731 800 817 protono,
825 731 911 816 quasi
932 732 1033 816 ipsum
1054 731 1204 799 dicentem
1227 755 1280 801 au·
1364 808 1368 813 ,

146 845 282 913 diremus
310 844 479 926 nuaram,
512 844 647 920 breviter
675 867 710 911 ac
731 846 904 911 summatim
931 846 1129 930 reposuimus·
1178 845 1279 913 Nobis
1358 825 1360 830 ⁵

145 965 250 1034 annm
284 958 439 1027 reiisoims
473 959 547 1026 haec
580 960 664 1026 dieta
695 982 760 1026 esse
790 962 941 1027 wastitit.
989 962 1067 1029 Oum
1091 963 1279 1051 ¹praesentim

145 1075 313 1155 annotatio,
337 1074 489 1160 plerisque
511 1072 647 1158 sabjecta
668 1074 798 1160 paginis,
816 1076 921 1159 paneis
942 1080 979 1140 ut
999 1074 1165 1160 plunmnm
1178 1072 1280 1141 uerbis

144 1187 242 1255 multa
263 1187 492 1273 complectatur,
517 1187 565 1254 rel
587 1189 721 1272 ipsarum
744 1188 940 1273 epistohrum
962 1193 1175 1274 argumentum
1194 1188 1280 1254 illus·

144 1302 269 1378 amaa,
296 1301 345 1367 vel
373 1321 478 1369 aarum
512 1302 665 1378 universe,
697 1301 809 1387 quibus
838 1303 969 1388 scriptae
999 1307 1098 1383 erant,
1130 1323 1279 1369 annorum

143 1415 302 1483 historiam
324 1399 490 1483 litteratam
511 1415 737 1501 locupletantis.
784 1415 876 1488 Quod
901 1415 1048 1500 ejusmodi
1072 1421 1126 1493 est
1142 1421 1190 1500 ut,
1208 1437 1278 1483 cum

143 1531 258 1599 multus
285 1529 411 1597 laabmm
431 1531 604 1596 litterarum
624 1552 642 1595 a
663 1529 751 1595 Viris
771 1528 871 1594 doctis
897 1529 1078 1614 sumpturum
1103 1529 1275 1608 fasciculos,

142 1646 180 1715 in
200 1647 241 1712 iis
261 1645 373 1731 oppido
392 1666 504 1730 paucos
525 1666 592 1711 esse
610 1645 821 1730 cognoverim,
841 1641 953 1730 quibua
974 1648 1105 1724 tantum,
1130 1650 1277 1731 quantum

142 1758 229 1838 huic,
265 1758 345 1827 lacis
376 1759 514 1827 attulerit
544 1758 703 1826 Editcrum
736 1757 907 1844 diligentia.
956 1759 1025 1824 Nec
1043 1759 1078 1824 in
1099 1758 1174 1838 illa,
1199 1780 1276 1846 quae

143 1873 183 1943 ad
202 1870 354 1960 singulm,
379 1872 433 1940 ubi
463 1894 540 1959 opus
570 1877 652 1950 erat,
679 1871 853 1937 commercii
883 1872 1032 1957 epistolici
1058 1872 1141 1937 locos
1164 1875 1276 1939 refere-

142 1984 251 2064 batur,
292 1989 484 2052 annotatione
520 1987 712 2070 acquiescens
742 1984 917 2070 Theologns
952 1985 1273 2071 Gryphiswaldiensis‚

142 2101 176 2163 in
207 2101 273 2184 ipst
304 2102 396 2164 etiam
429 2098 613 2185 praefatione
644 2098 739 2163 multa
773 2098 810 2162 de
836 2098 1209 2164 Schleiermacheri
1241 2121 1277 2165 ac

142 2213 281 2281 Garuli
304 2213 369 2281 uita
391 2213 512 2290 retulit,
541 2234 637 2298 quae,
659 2233 721 2296 quo
754 2213 864 2279 melius
885 2213 1126 2298 intelligeremus
1152 2218 1183 2279 et
1213 2234 1275 2297 quo

142 2326 284 2410 aequiore
301 2325 419 2410 judicia
440 2346 518 2410 quae
540 2326 701 2410 scripserat
722 2332 852 2411 uterque
877 2325 1136 2412 prosequeremur,
1158 2329 1192 2392 in
1214 2350 1273 2393 an·

141 2445 289 2507 erassum
325 2440 533 2526 cognoscenda
561 2439 697 2525 putabat.
745 2444 793 2507 Ac
826 2441 864 2506 de
893 2440 1275 2509 Schleiermacherc

141 2554 264 2638 quidem
287 2553 444 2640 pleraque,
464 2575 541 2640 quae
563 2554 653 2630 dicit,
683 2555 717 2620 in
737 2554 850 2641 vulgus
870 2559 942 2621 nota
967 2576 1032 2620 csse
1055 2555 1189 2621 modeste
1210 2576 1274 2620 mo·

140 2672 205 2733 net.
243 2667 336 2741 Quod
357 2667 433 2735 nihi
454 2669 499 2734 ita
521 2688 628 2735 rerum
647 2669 779 2749 videtur,
804 2673 842 2735 ut
859 2669 957 2737 multa
976 2675 1089 2748 tamen,
1114 2674 1196 2734 certe
1211 2691 1274 2735 noa

139 2785 234 2850 nimis
254 2805 360 2868 pauca,
384 2804 461 2867 quae
483 2783 569 2849 valde
591 2781 796 2850 memorabilia
818 2785 891 2865 sint,
909 2783 948 2849 de
969 2784 1023 2849 illo
1045 2786 1184 2849 narcisse
1201 2804 1274 2851 eum

137 2897 321 2964 existimem.
368 2896 456 2970 Quae
477 2919 550 2965 reru
571 2897 871 2983 lectoriquaercnda
884 2898 1033 2984 relinquo.
1078 2897 1138 2964 sca
1152 2897 1273 2983 quando
1308 2982 1311 2985 Δ

138 3013 242 3095 minna
263 3013 388 3094 chrum,
422 3013 501 3098 apud
523 3018 673 3080 nostrates
695 3019 788 3094 certe,
815 3015 957 3088 Gasrii.
990 3013 1044 3099 qai
1077 3018 1195 3079 tantum
1219 3012 1272 3079 ho·

137 3129 251 3193 minam
275 3128 467 3194 Familiarem
489 3126 631 3209 habebat,
654 3149 764 3194 nomen
786 3134 845 3210 eat,
870 3128 909 3195 de
931 3150 968 3193 eo
989 3150 1083 3213 pann
1104 3129 1269 3213 quaedam,

137 3262 216 3327 quae
237 3242 287 3308 rel
308 3264 348 3308 ex
369 3241 443 3309 Filii
465 3241 612 3309 relatione
633 3241 683 3313 vel
705 3240 826 3308 aliunde
848 3241 999 3327 cognovi,
1029 3262 1150 3309 narrare
1169 3242 1269 3326 jurat.

181 3576 205 3642 J
212 3576 405 3642 oachimus
427 3577 667 3643 Christianus
689 3576 794 3652 Gaea,
820 3574 851 3638 d.
868 3578 910 3638 26
934 3573 1011 3658 Maji
1026 3594 1055 3638 a.
1076 3575 1161 3638 1766
1178 3593 1270 3657 prope
1344 3623 1346 3627 ,

136 3689 332 3755 Pomeraniae
372 3688 478 3756 urbem
509 3696 599 3755 natus
637 3688 843 3765 Anclemiam,
882 3686 1009 3751 Halensi
1042 3686 1075 3750 in
1107 3680 1271 3750 Academia

136 3804 301 3870 Semlero
323 3827 394 3890 prae
417 3804 543 3870 casaris
565 3804 598 3868 in
621 3803 809 3889 disciplinam
832 3822 865 3865 se
887 3800 1019 3866 dederat
1054 3799 1123 3865 Jam
1138 3800 1270 3885 primum

136 3917 297 3983 Stettiniae
319 3919 456 3984 Militum
488 3918 607 3983 cohorti
630 3917 749 3982 cuidam
771 3917 832 3981 fuit
853 3938 871 3980 a
892 3915 992 3981 Sacris
999 3937 1010 3992 ς
1038 3914 1146 3980 deiude
1176 3913 1272 3980 Bero-

135 4030 299 4096 linensium
321 4033 400 4118 apud
422 4054 449 4096 s.
474 4031 603 4097 Mariam
626 4032 777 4111 Antistes3
810 4030 932 4094 tandem
953 4028 1077 4094 Silesiae
1099 4030 1132 4093 in
1162 4033 1271 4094 metro·

135 4143 197 4228 poli
220 4145 418 4212 Ocnmfiarias
442 4146 668 4226 consistorialis,
694 4145 780 4224 item,
812 4144 844 4209 in
867 4163 971 4209 recens
995 4136 1271 4207 conditd'Wratis·

135 4258 231 4326 lauiac
252 4261 432 4344 Academit,
455 4260 636 4349 Theologiae
658 4261 823 4327 Professor.
870 4257 941 4330 uua
963 4259 996 4322 in
1018 4240 1105 4336 urbe}
1121 4278 1149 4319 a.
1165 4259 1267 4334 1831,

136 4375 268 4442 triennio
292 4381 465 4461 antaeum,
491 4397 622 4461 quocum
645 4380 693 4442 tot
713 4397 766 4460 per
781 4396 877 4443 annos
897 4373 1065 4441 litterarum
1089 4371 1268 4439 commercio
