2782 4958
590 356 643 400 nso
667 355 774 401 ennon.
1181 343 1243 405 ill

121 548 191 594 rum
207 517 528 613 praestantissimorum
544 523 708 608 exemplis,
734 525 870 608 quamvis
886 522 1053 592 luculenter
1068 548 1143 603 eam,
1167 549 1258 611 quam

123 645 260 729 agimus,
285 661 419 711 caussam
450 637 666 724 probantibus,
697 639 902 717 discedentes,
934 662 997 705 rem
1024 643 1121 726 ipsam
1155 642 1258 727 paullo

124 757 250 842 propius
283 759 460 839 spectemus.
509 750 599 817 Nobis
626 754 749 840 quidem
785 753 943 840 Theologis
977 755 1086 820 multas
1118 777 1180 820 esse
1214 777 1260 820 res

125 868 345 953 nuncupandas
371 890 404 931 ac
430 887 485 932 suo
508 866 642 953 singulas
667 870 789 933 nomine
813 867 1019 954 appellandas,
1048 891 1121 954 ques
1145 873 1263 956 ignora·

126 985 229 1050 verint
258 988 311 1047 aut
337 981 449 1066 quibus
472 987 553 1045 certe
575 983 694 1067 propria
716 986 838 1048 nomina
866 1007 927 1049 non
951 985 1088 1051 dederint
1118 987 1260 1063 Romani,

129 1104 162 1164 et
184 1119 241 1185 ego
264 1119 354 1183 supra
380 1097 512 1161 concessi
536 1102 567 1161 et
592 1118 679 1161 nemo
705 1099 825 1181 estqui
853 1099 977 1164 nesciat.
1027 1101 1093 1175 Quo
1115 1100 1264 1185 imprimis

130 1235 220 1279 voces
242 1213 412 1277 referuntur
438 1211 634 1286 artificiosae,
659 1208 909 1294 Philosophorum
929 1210 1094 1277 indicantes
1117 1218 1148 1276 et
1170 1211 1265 1276 Theo·

132 1326 272 1413 logorum
289 1327 475 1411 aliorumque
496 1326 615 1413 placita,
638 1328 812 1408 sententias,
837 1347 963 1403 errores,
980 1325 1133 1406 haereses,
1153 1326 1265 1391 dissen-

133 1443 248 1520 siones3
272 1444 344 1507 item
364 1441 492 1518 multae,
516 1463 589 1525 quas
615 1441 763 1523 dicimus,
792 1462 892 1505 rerum
922 1442 1060 1506 notiones
1087 1444 1264 1508 abstractae.

133 1558 176 1620 Ne
217 1577 306 1622 voces
339 1557 486 1640 attingam
527 1555 585 1639 ipsi
615 1555 851 1619 Christianorum
881 1553 1055 1638 disciplinae
1090 1555 1188 1639 privas
1233 1575 1268 1618 ac

130 1671 274 1756 proprias.
323 1669 381 1734 Sed
415 1668 551 1752 quamvis
576 1665 649 1731 haec
683 1666 778 1732 multa
810 1669 891 1747 sint,
920 1667 957 1730 od
990 1666 1131 1753 pleraque
1169 1669 1269 1732 omnia

133 1782 309 1848 declaranda
336 1781 590 1847 nomenclaturam
623 1780 785 1857 habemus,
814 1780 939 1844 minime
969 1781 1091 1864 quidem
1120 1780 1269 1845 classicam

133 1885 233 1975 illam,
263 1896 314 1960 sed
347 1897 464 1983 vulgari
500 1912 559 1961 usu
589 1900 736 1980 receptam
770 1915 827 1958 nec
858 1894 998 1978 cuiquam
1033 1893 1137 1958 harum
1170 1875 1282 1958 rerum*

134 2013 236 2097 perito
262 2010 440 2092 obscuram,
465 2032 542 2094 quae
565 2009 613 2074 rel
637 2009 673 2075 ab
696 2009 830 2092 antiquis
858 2009 939 2072 Sacri
962 2006 1079 2072 Codicis
1100 2009 1270 2092 lnterpreti·

135 2125 214 2208 bus,
240 2125 288 2190 vel
317 2125 467 2191 veteribus
489 2146 506 2189 a
530 2125 734 2189 Grammaticis
756 2144 790 2186 ac
812 2121 1010 2198 Rhetorihns,
1034 2120 1143 2186 veleb
1174 2120 1270 2185 Eccle-

136 2242 200 2306 siae
233 2241 352 2305 Latinae
387 2238 544 2320 Patribus,
580 2238 628 2305 vel
655 2262 672 2304 a
701 2237 911 2315 Scholasticis,
941 2236 990 2302 vel
1018 2236 1274 2301 recentioribusa

141 2354 331 2441 Philosophis
354 2377 387 2419 ac
410 2354 569 2441 Theologis
591 2356 628 2420 ad
651 2359 752 2420 nostra
775 2354 846 2418 haec
872 2360 1006 2438 tempora
1029 2351 1159 2416 derivata
1178 2354 1222 2414 est
1240 2371 1275 2415 ac

137 2475 302 2555 propagata
325 2471 387 2555 (1).
437 2472 532 2534 llhcce
565 2470 662 2555 igitur
693 2469 936 2545 nomenclatura,
969 2487 1166 2552 magnorum,
1200 2487 1275 2549 quos

138 2584 226 2665 dixi,
251 2585 388 2649 Virorum
410 2584 568 2669 exemplo,
599 2583 654 2648 ubi
676 2581 725 2648 rel
747 2583 906 2648 necessitas
934 2582 1061 2665 requirit
1083 2579 1131 2646 vel
1158 2580 1274 2665 perspi·

139 2698 238 2762 emtas
256 2697 380 2761 suadere
406 2697 546 2774 videtur,
572 2718 660 2782 parce
683 2718 717 2761 ac
739 2696 837 2762 sobrie
868 2703 984 2762 nostros
1009 2698 1042 2759 in
1073 2717 1146 2759 usus
1181 2693 1273 2758 adhi-

138 2811 226 2886 hira,
265 2833 331 2875 raro
374 2811 461 2875 nohis
507 2811 621 2877 accidet
657 2817 692 2876 ut
727 2811 877 2897 quomodo
911 2833 978 2888 eae,
1014 2832 1089 2895 quas
1132 2808 1276 2873 hodierna

140 2924 319 3010 Theologioe
350 2923 559 3010 complectitur
578 2925 829 3012 Encyclopaedia,
852 2927 992 2990 notiones
1015 2925 1120 2989 Latina
1139 2922 1188 2987 vel
1211 2944 1276 2987 ora·

139 3039 226 3104 tione
248 3037 296 3103 vel
317 3040 479 3124 scriptione
501 3040 701 3104 enuntiandae
728 3041 789 3104 sint
808 3041 918 3104 incerti
942 3037 1126 3105 haereamus.
1165 3036 1277 3112 Quodsi

140 3159 244 3218 tamen
280 3153 439 3237 aliquando
462 3155 515 3218 fiat
549 3158 585 3218 ut
615 3153 666 3218 hio
688 3154 751 3238 ipse
774 3175 829 3218 nos
858 3153 1004 3218 destituat
1027 3152 1175 3215 recentior
1206 3172 1279 3214 usus

142 3274 300 3351 receptus,
329 3288 407 3332 novo
437 3267 539 3352 aliquo
570 3266 715 3332 vocabulo
727 3315 736 3349 ,
770 3289 807 3331 ex
840 3268 987 3332 sermonis
1016 3264 1064 3331 vel
1095 3263 1193 3328 Latini
1230 3261 1279 3327 vel

146 3381 249 3445 Graeci
284 3382 422 3468 analogia
452 3383 526 3446 scite
558 3381 684 3463 hausto,
721 3383 850 3446 orationi
883 3388 1001 3446 nostrae
1035 3377 1277 3452 accommodato,

146 3493 230 3558 hunc
251 3495 389 3581 supplere
412 3496 561 3561 defectum
584 3517 645 3560 non
670 3497 818 3580 estquod
846 3516 1007 3563 vereamur.

192 3611 300 3674 Verum
324 3612 426 3675 mirari
448 3610 531 3677 subit
553 3611 600 3677 illi
623 3612 824 3698 potissimum,
850 3612 887 3675 de
910 3631 971 3694 qno
994 3610 1123 3696 agimus,
1150 3608 1279 3673 sermoni

148 3723 226 3789 hanc
249 3724 341 3808 objici
365 3748 426 3790 non
449 3725 547 3791 nullas
569 3726 746 3791 enuntiandi
770 3728 908 3791 notiones
930 3723 1147 3790 difficultatem.
1190 3721 1281 3798 Quasi

148 3859 219 3903 vero
242 3860 303 3903 non
327 3840 430 3905 eadem
451 3839 503 3905 illa
526 3862 619 3925 eaque
642 3840 737 3925 major
765 3839 945 3926 plerumque
977 3860 1027 3903 eos
1049 3840 1165 3923 premat
1186 3834 1281 3900 Theo·

149 3981 311 3994 -v-—m-n-

185 4053 220 4118 (l)
239 4054 365 4104 Accurate
381 4054 447 4103 dixit
464 4068 493 4104 ac
510 4067 570 4103 vere
588 4053 636 4102 Fr.
653 4053 748 4114 ltere,
766 4053 829 4103 Litt.
847 4053 917 4103 Prot.
934 4050 1112 4102 Lovanlensis:
1127 4047 1181 4099 »La
1198 4047 1283 4114 hayna

150 4145 255 4197 »Latine
271 4146 329 4210 offra
340 4163 372 4196 aa
392 4144 530 4212 Theolopr'rn
547 4161 578 4195 arr
595 4144 654 4212 style
671 4147 830 4211 toarfirponnd
842 4147 857 4194 ὰ
868 4143 1021 4210 l'eaprcesa'on
1035 4141 1076 4191 dea
1087 4140 1158 4200 raca,
1175 4141 1217 4206 qui
1232 4148 1284 4189 sont

150 4240 238 4288 amires
254 4255 282 4289 ea
299 4237 455 4290 discessioa.''
489 4238 559 4288 Haec
579 4240 690 4303 aliaque,
708 4253 773 4303 quae
791 4239 855 4288 hanc
873 4239 905 4288 ad
923 4251 1038 4288 caussam
1054 4238 1189 4299 pertinent,
1214 4234 1283 4284 illius

150 4333 218 4382 dicta
234 4332 345 4396 reposuit
362 4329 518 4389 Weltius‚
541 4331 567 4381 iu
586 4329 668 4396 (aaa.)
690 4328 750 4380 theol
777 4328 979 4392 Quarralaclrrr'jl,
1007 4332 1080 4387 18⁵4,
1104 4324 1234 4378 XXXVI.
1258 4332 1283 4386 2,

149 4439 174 4489 p.
194 4429 242 4475 329
262 4439 298 4488 sq.
