<?xml version="1.0" encoding="UTF-8"?>
<!DOCTYPE html PUBLIC "-//W3C//DTD XHTML 1.0 Transitional//EN"
    "http://www.w3.org/TR/xhtml1/DTD/xhtml1-transitional.dtd">
<html xmlns="http://www.w3.org/1999/xhtml" xml:lang="en" lang="en">
 <head>
  <title>
</title>
<meta http-equiv="Content-Type" content="text/html;charset=utf-8" />
  <meta name='ocr-system' content='tesseract 3.04.00' />
  <meta name='ocr-capabilities' content='ocr_page ocr_carea ocr_par ocr_line ocrx_word'/>
</head>
<body>
  <div class='ocr_page' id='page_1' title='image "./chartaetheologi00boumgoog_0204.png"; bbox 0 0 2782 4958; ppageno 0'>
   <div class='ocr_carea' id='block_1_1' title="bbox 335 1200 939 1313">
    <p class='ocr_par' dir='ltr' id='par_1_1' title="bbox 335 1200 939 1313">
     <span class='ocr_line' id='line_1_1' title="bbox 335 1200 939 1313; baseline -0.007 0"><span class='ocrx_word' id='word_1_1' title='bbox 335 1200 550 1313; x_wconf 73' lang='lat' dir='ltr'>nonnam</span> <span class='ocrx_word' id='word_1_2' title='bbox 573 1245 625 1313; x_wconf 82' lang='lat' dir='ltr'>nr</span> <span class='ocrx_word' id='word_1_3' title='bbox 648 1242 939 1311; x_wconf 75' lang='lat' dir='ltr'>anarrinon.</span> 
     </span>
    </p>
   </div>
   <div class='ocr_carea' id='block_1_2' title="bbox 573 1549 698 1568">
    <p class='ocr_par' dir='ltr' id='par_1_2' title="bbox 573 1549 698 1568">
     <span class='ocr_line' id='line_1_2' title="bbox 573 1549 698 1568; baseline 0.008 -1"><span class='ocrx_word' id='word_1_4' title='bbox 573 1549 698 1568; x_wconf 47' lang='lat' dir='ltr'>uno*-</span> 
     </span>
    </p>
   </div>
   <div class='ocr_carea' id='block_1_3' title="bbox 399 1808 877 1887">
    <p class='ocr_par' dir='ltr' id='par_1_3' title="bbox 399 1808 877 1887">
     <span class='ocr_line' id='line_1_3' title="bbox 399 1808 877 1887; baseline -0.006 -14"><span class='ocrx_word' id='word_1_5' title='bbox 399 1832 469 1873; x_wconf 75' lang='lat' dir='ltr'>rno.</span> <span class='ocrx_word' id='word_1_6' title='bbox 498 1813 538 1872; x_wconf 88' lang='lat'>15</span> <span class='ocrx_word' id='word_1_7' title='bbox 563 1830 599 1872; x_wconf 85' lang='lat' dir='ltr'>nr</span> <span class='ocrx_word' id='word_1_8' title='bbox 625 1808 677 1887; x_wconf 90' lang='grc'>16,</span> <span class='ocrx_word' id='word_1_9' title='bbox 705 1829 818 1872; x_wconf 76' lang='lat' dir='ltr'>innon.</span> <span class='ocrx_word' id='word_1_10' title='bbox 846 1810 877 1871; x_wconf 91' lang='lat'>1.</span> 
     </span>
    </p>
   </div>
   <div class='ocr_carea' id='block_1_4' title="bbox 69 2002 1205 2786">
    <p class='ocr_par' dir='ltr' id='par_1_4' title="bbox 69 2002 1205 2786">
     <span class='ocr_line' id='line_1_4' title="bbox 114 2002 1205 2098; baseline 0.003 -29"><span class='ocrx_word' id='word_1_11' title='bbox 114 2002 218 2076; x_wconf 86' lang='lat' dir='ltr'>Pauca</span> <span class='ocrx_word' id='word_1_12' title='bbox 241 2011 272 2075; x_wconf 89' lang='lat' dir='ltr'>h.</span> <span class='ocrx_word' id='word_1_13' title='bbox 301 2011 322 2075; x_wconf 88' lang='lat' dir='ltr'>l.</span> <span class='ocrx_word' id='word_1_14' title='bbox 349 2010 525 2076; x_wconf 83' lang='lat' dir='ltr'>Praesnlum</span> <span class='ocrx_word' id='word_1_15' title='bbox 549 2010 817 2098; x_wconf 83' lang='lat' dir='ltr'>Pranoogallornm</span> <span class='ocrx_word' id='word_1_16' title='bbox 841 2012 877 2075; x_wconf 89' lang='lat' dir='ltr'>de</span> <span class='ocrx_word' id='word_1_17' title='bbox 901 2010 1007 2076; x_wconf 81' lang='lat' dir='ltr'>litibus</span> <span class='ocrx_word' id='word_1_18' title='bbox 1023 2011 1137 2086; x_wconf 86' lang='lat' dir='ltr'>notavi,</span> <span class='ocrx_word' id='word_1_19' title='bbox 1158 2009 1205 2073; x_wconf 88' lang='lat' dir='ltr'>vel</span> 
     </span>
     <span class='ocr_line' id='line_1_5' title="bbox 80 2125 1204 2210; baseline -0.001 -21"><span class='ocrx_word' id='word_1_20' title='bbox 80 2132 176 2189; x_wconf 63' lang='lat' dir='ltr'>tecum</span> <span class='ocrx_word' id='word_1_21' title='bbox 206 2126 335 2190; x_wconf 84' lang='lat' dir='ltr'>invicem</span> <span class='ocrx_word' id='word_1_22' title='bbox 359 2126 406 2189; x_wconf 83' lang='lat' dir='ltr'>vel</span> <span class='ocrx_word' id='word_1_23' title='bbox 437 2148 505 2193; x_wconf 89' lang='lat' dir='ltr'>enm</span> <span class='ocrx_word' id='word_1_24' title='bbox 529 2125 761 2190; x_wconf 84' lang='lat' dir='ltr'>Venillotio</span> <span class='ocrx_word' id='word_1_25' title='bbox 792 2127 916 2210; x_wconf 80' lang='lat' dir='ltr'>aliisque</span> <span class='ocrx_word' id='word_1_26' title='bbox 948 2128 1056 2190; x_wconf 88' lang='lat' dir='ltr'>aeriter</span> <span class='ocrx_word' id='word_1_27' title='bbox 1082 2146 1204 2188; x_wconf 86' lang='lat' dir='ltr'>oonoer·</span> 
     </span>
     <span class='ocr_line' id='line_1_6' title="bbox 80 2231 1204 2327; baseline 0 -26"><span class='ocrx_word' id='word_1_28' title='bbox 80 2231 216 2305; x_wconf 73' lang='lat' dir='ltr'>nntium.</span> <span class='ocrx_word' id='word_1_29' title='bbox 267 2241 316 2305; x_wconf 85' lang='lat' dir='ltr'>nd</span> <span class='ocrx_word' id='word_1_30' title='bbox 345 2240 417 2304; x_wconf 85' lang='lat' dir='ltr'>haee</span> <span class='ocrx_word' id='word_1_31' title='bbox 448 2242 546 2327; x_wconf 83' lang='lat' dir='ltr'>igitur</span> <span class='ocrx_word' id='word_1_32' title='bbox 569 2240 732 2325; x_wconf 89' lang='lat' dir='ltr'>supplenda</span> <span class='ocrx_word' id='word_1_33' title='bbox 754 2242 908 2325; x_wconf 83' lang='lat' dir='ltr'><strong>pertinent</strong></span> <span class='ocrx_word' id='word_1_34' title='bbox 930 2261 1005 2325; x_wconf 86' lang='lat' dir='ltr'>qnae</span> <span class='ocrx_word' id='word_1_35' title='bbox 1036 2239 1204 2303; x_wconf 82' lang='lat' dir='ltr'>Brunsii</span> 
     </span>
     <span class='ocr_line' id='line_1_7' title="bbox 78 2339 1204 2439; baseline -0.002 -21"><span class='ocrx_word' id='word_1_36' title='bbox 78 2339 103 2404; x_wconf 65' lang='lat'>5¹¹</span> <span class='ocrx_word' id='word_1_37' title='bbox 133 2354 248 2420; x_wconf 68' lang='lat' dir='ltr'>Dianio</span> <span class='ocrx_word' id='word_1_38' title='bbox 278 2355 472 2420; x_wconf 78' lang='lat' dir='ltr'>Baratiaaaei</span> <span class='ocrx_word' id='word_1_39' title='bbox 495 2358 541 2439; x_wconf 90' lang='lat'>(1)</span> <span class='ocrx_word' id='word_1_40' title='bbox 573 2355 609 2418; x_wconf 84' lang='lat' dir='ltr'>ad</span> <span class='ocrx_word' id='word_1_41' title='bbox 640 2356 722 2419; x_wconf 91' lang='lat' dir='ltr'>huno</span> <span class='ocrx_word' id='word_1_42' title='bbox 750 2356 848 2439; x_wconf 84' lang='lat' dir='ltr'>ipaum</span> <span class='ocrx_word' id='word_1_43' title='bbox 879 2376 1003 2433; x_wconf 87' lang='lat' dir='ltr'>annum,</span> <span class='ocrx_word' id='word_1_44' title='bbox 1029 2354 1086 2419; x_wconf 61' lang='grc' dir='ltr'>ΝΟ.</span> <span class='ocrx_word' id='word_1_45' title='bbox 1109 2358 1148 2418; x_wconf 89' lang='grc'>19</span> <span class='ocrx_word' id='word_1_46' title='bbox 1174 2359 1204 2416; x_wconf 85' lang='lat' dir='ltr'>et</span> 
     </span>
     <span class='ocr_line' id='line_1_8' title="bbox 77 2455 1205 2554; baseline -0.002 -21"><span class='ocrx_word' id='word_1_47' title='bbox 77 2455 133 2539; x_wconf 77' lang='lat'>³2,</span> <span class='ocrx_word' id='word_1_48' title='bbox 160 2470 267 2534; x_wconf 83' lang='lat' dir='ltr'>tradita</span> <span class='ocrx_word' id='word_1_49' title='bbox 289 2476 419 2534; x_wconf 84' lang='lat' dir='ltr'>exstant.</span> <span class='ocrx_word' id='word_1_50' title='bbox 469 2469 575 2533; x_wconf 84' lang='lat' dir='ltr'>Priore</span> <span class='ocrx_word' id='word_1_51' title='bbox 605 2470 725 2554; x_wconf 88' lang='lat' dir='ltr'>quidem</span> <span class='ocrx_word' id='word_1_52' title='bbox 757 2470 824 2533; x_wconf 89' lang='lat' dir='ltr'>loeo</span> <span class='ocrx_word' id='word_1_53' title='bbox 846 2476 876 2534; x_wconf 87' lang='lat' dir='ltr'>et</span> <span class='ocrx_word' id='word_1_54' title='bbox 898 2472 955 2534; x_wconf 88' lang='lat' dir='ltr'>alia</span> <span class='ocrx_word' id='word_1_55' title='bbox 982 2469 1150 2554; x_wconf 88' lang='lat' dir='ltr'>produntur</span> <span class='ocrx_word' id='word_1_56' title='bbox 1174 2474 1205 2531; x_wconf 89' lang='lat' dir='ltr'>et</span> 
     </span>
     <span class='ocr_line' id='line_1_9' title="bbox 74 2560 1203 2671; baseline 0 -24"><span class='ocrx_word' id='word_1_57' title='bbox 74 2560 214 2649; x_wconf 78' lang='lat' dir='ltr'>binorum</span> <span class='ocrx_word' id='word_1_58' title='bbox 245 2586 397 2650; x_wconf 82' lang='lat' dir='ltr'><strong><em>Mandata</em></strong></span> <span class='ocrx_word' id='word_1_59' title='bbox 422 2585 609 2665; x_wconf 79' lang='lat' dir='ltr'>Praesnlnm‚</span> <span class='ocrx_word' id='word_1_60' title='bbox 643 2584 754 2669; x_wconf 87' lang='lat' dir='ltr'>quibus</span> <span class='ocrx_word' id='word_1_61' title='bbox 784 2586 951 2671; x_wconf 84' lang='lat' dir='ltr'>alegendo</span> <span class='ocrx_word' id='word_1_62' title='bbox 983 2584 1203 2648; x_wconf 85' lang='lat' dir='ltr'>Venillotii</span> 
     </span>
     <span class='ocr_line' id='line_1_10' title="bbox 69 2676 1203 2786; baseline 0.001 -25"><span class='ocrx_word' id='word_1_63' title='bbox 69 2676 181 2765; x_wconf 78' lang='lat' dir='ltr'>Diorio</span> <span class='ocrx_word' id='word_1_64' title='bbox 203 2700 400 2786; x_wconf 87' lang='lat' dir='ltr'>prohibentur</span> <span class='ocrx_word' id='word_1_65' title='bbox 423 2700 584 2766; x_wconf 77' lang='lat' dir='ltr'>Catholici.</span> <span class='ocrx_word' id='word_1_66' title='bbox 634 2700 740 2765; x_wconf 85' lang='lat' dir='ltr'>Altero</span> <span class='ocrx_word' id='word_1_67' title='bbox 763 2721 834 2764; x_wconf 85' lang='lat' dir='ltr'>vero</span> <span class='ocrx_word' id='word_1_68' title='bbox 857 2700 923 2764; x_wconf 92' lang='lat' dir='ltr'>loeo</span> <span class='ocrx_word' id='word_1_69' title='bbox 939 2700 1127 2765; x_wconf 84' lang='lat' dir='ltr'>Pariensium</span> <span class='ocrx_word' id='word_1_70' title='bbox 1144 2701 1203 2764; x_wconf 86' lang='lat' dir='ltr'>Ar·</span> 
     </span>
    </p>
   </div>
   <div class='ocr_carea' id='block_1_5' title="bbox 67 2794 1321 2901">
    <p class='ocr_par' dir='ltr' id='par_1_5' title="bbox 67 2794 1321 2901">
     <span class='ocr_line' id='line_1_11' title="bbox 67 2794 1321 2901; baseline 0.002 -26"><span class='ocrx_word' id='word_1_71' title='bbox 67 2794 254 2901; x_wconf 65' lang='lat' dir='ltr'>ahiapiscopi</span> <span class='ocrx_word' id='word_1_72' title='bbox 286 2815 474 2881; x_wconf 75' lang='lat' dir='ltr'>Mandatum</span> <span class='ocrx_word' id='word_1_73' title='bbox 505 2820 621 2889; x_wconf 81' lang='lat' dir='ltr'>exstat;</span> <span class='ocrx_word' id='word_1_74' title='bbox 656 2806 745 2899; x_wconf 89' lang='lat' dir='ltr'>quem</span> <span class='ocrx_word' id='word_1_75' title='bbox 777 2837 852 2899; x_wconf 85' lang='lat' dir='ltr'>qnae</span> <span class='ocrx_word' id='word_1_76' title='bbox 884 2817 1026 2880; x_wconf 84' lang='lat' dir='ltr'>adversus</span> <span class='ocrx_word' id='word_1_77' title='bbox 1064 2814 1205 2878; x_wconf 77' lang='lat' dir='ltr'>Univerei</span> <span class='ocrx_word' id='word_1_78' title='bbox 1317 2828 1321 2833; x_wconf 86' lang='grc'><strong>’</strong></span> 
     </span>
    </p>
   </div>
   <div class='ocr_carea' id='block_1_6' title="bbox 61 2901 1205 3129">
    <p class='ocr_par' dir='ltr' id='par_1_6' title="bbox 61 2901 1205 3129">
     <span class='ocr_line' id='line_1_12' title="bbox 63 2901 1205 3016; baseline -0.001 -23"><span class='ocrx_word' id='word_1_79' title='bbox 63 2901 271 3003; x_wconf 69' lang='lat' dir='ltr'>EPhamerida</span> <span class='ocrx_word' id='word_1_80' title='bbox 294 2930 466 2994; x_wconf 83' lang='lat' dir='ltr'>decreverat</span> <span class='ocrx_word' id='word_1_81' title='bbox 489 2931 645 3013; x_wconf 83' lang='lat' dir='ltr'>antiquare</span> <span class='ocrx_word' id='word_1_82' title='bbox 660 2930 758 3015; x_wconf 84' lang='lat' dir='ltr'>Papae</span> <span class='ocrx_word' id='word_1_83' title='bbox 771 2931 899 2995; x_wconf 89' lang='lat' dir='ltr'>Romani</span> <span class='ocrx_word' id='word_1_84' title='bbox 921 2936 1059 3016; x_wconf 72' lang='lat' dir='ltr'>coegerat</span> <span class='ocrx_word' id='word_1_85' title='bbox 1082 2928 1205 3015; x_wconf 86' lang='lat' dir='ltr'>epistola</span> 
     </span>
     <span class='ocr_line' id='line_1_13' title="bbox 61 3040 841 3129; baseline 0.005 -23"><span class='ocrx_word' id='word_1_86' title='bbox 61 3040 237 3129; x_wconf 58' lang='lat' dir='ltr'>encyclica,</span> <span class='ocrx_word' id='word_1_87' title='bbox 262 3045 376 3108; x_wconf 84' lang='lat' dir='ltr'>Itomae</span> <span class='ocrx_word' id='word_1_88' title='bbox 400 3044 469 3108; x_wconf 86' lang='lat' dir='ltr'>dota</span> <span class='ocrx_word' id='word_1_89' title='bbox 492 3044 523 3107; x_wconf 91' lang='lat' dir='ltr'>d.</span> <span class='ocrx_word' id='word_1_90' title='bbox 552 3049 592 3108; x_wconf 76' lang='lat'>21</span> <span class='ocrx_word' id='word_1_91' title='bbox 620 3043 713 3109; x_wconf 84' lang='lat' dir='ltr'>Mart.</span> <span class='ocrx_word' id='word_1_92' title='bbox 744 3050 841 3110; x_wconf 84' lang='lat'>1853.</span> 
     </span>
    </p>
   </div>
   <div class='ocr_carea' id='block_1_7' title="bbox 545 3306 722 3366">
    <p class='ocr_par' dir='ltr' id='par_1_7' title="bbox 545 3306 722 3366">
     <span class='ocr_line' id='line_1_14' title="bbox 545 3306 722 3366; baseline 0 -2"><span class='ocrx_word' id='word_1_93' title='bbox 545 3322 616 3365; x_wconf 76' lang='lat' dir='ltr'>rio.</span> <span class='ocrx_word' id='word_1_94' title='bbox 647 3306 722 3366; x_wconf 83' lang='lat'>105.</span> 
     </span>
    </p>
   </div>
   <div class='ocr_carea' id='block_1_8' title="bbox 52 3498 1203 4047">
    <p class='ocr_par' dir='ltr' id='par_1_8' title="bbox 52 3498 1203 4047">
     <span class='ocr_line' id='line_1_15' title="bbox 112 3498 1202 3584; baseline 0.003 -22"><span class='ocrx_word' id='word_1_95' title='bbox 112 3500 163 3563; x_wconf 88' lang='lat' dir='ltr'>De</span> <span class='ocrx_word' id='word_1_96' title='bbox 185 3498 554 3565; x_wconf 85' lang='lat' dir='ltr'>Schleiermaoheri</span> <span class='ocrx_word' id='word_1_97' title='bbox 578 3524 646 3566; x_wconf 86' lang='lat' dir='ltr'>aum</span> <span class='ocrx_word' id='word_1_98' title='bbox 669 3500 702 3566; x_wconf 88' lang='lat' dir='ltr'>J.</span> <span class='ocrx_word' id='word_1_99' title='bbox 728 3501 818 3566; x_wconf 87' lang='lat' dir='ltr'>Chr.</span> <span class='ocrx_word' id='word_1_100' title='bbox 844 3501 982 3565; x_wconf 82' lang='lat' dir='ltr'>Gnszio</span> <span class='ocrx_word' id='word_1_101' title='bbox 1006 3500 1202 3584; x_wconf 66' lang='lat' dir='ltr'>epistolarum</span> 
     </span>
     <span class='ocr_line' id='line_1_16' title="bbox 54 3615 1203 3700; baseline 0.006 -28"><span class='ocrx_word' id='word_1_102' title='bbox 54 3615 243 3696; x_wconf 59' lang='lat' dir='ltr'>Commarea&#39;o</span> <span class='ocrx_word' id='word_1_103' title='bbox 274 3636 341 3678; x_wconf 87' lang='lat' dir='ltr'>oum</span> <span class='ocrx_word' id='word_1_104' title='bbox 373 3615 508 3700; x_wconf 85' lang='lat' dir='ltr'>agebam,</span> <span class='ocrx_word' id='word_1_105' title='bbox 545 3616 658 3680; x_wconf 88' lang='lat' dir='ltr'>nnllam</span> <span class='ocrx_word' id='word_1_106' title='bbox 692 3616 791 3681; x_wconf 89' lang='lat' dir='ltr'>adhue</span> <span class='ocrx_word' id='word_1_107' title='bbox 822 3615 940 3700; x_wconf 83' lang='lat' dir='ltr'>publiea</span> <span class='ocrx_word' id='word_1_108' title='bbox 975 3616 1123 3700; x_wconf 88' lang='lat' dir='ltr'>proditam</span> <span class='ocrx_word' id='word_1_109' title='bbox 1156 3638 1203 3680; x_wconf 90' lang='lat' dir='ltr'>me</span> 
     </span>
     <span class='ocr_line' id='line_1_17' title="bbox 53 3730 1203 3818; baseline 0 -24"><span class='ocrx_word' id='word_1_110' title='bbox 53 3730 246 3818; x_wconf 65' lang='lat' dir='ltr'>cognovisse</span> <span class='ocrx_word' id='word_1_111' title='bbox 270 3752 442 3794; x_wconf 85' lang='lat' dir='ltr'>monueram</span> <span class='ocrx_word' id='word_1_112' title='bbox 465 3732 590 3815; x_wconf 85' lang='lat' dir='ltr'>hujusce</span> <span class='ocrx_word' id='word_1_113' title='bbox 612 3731 682 3796; x_wconf 86' lang='lat' dir='ltr'>libri</span> <span class='ocrx_word' id='word_1_114' title='bbox 712 3753 880 3795; x_wconf 84' lang='lat' dir='ltr'>censuram.</span> <span class='ocrx_word' id='word_1_115' title='bbox 928 3730 1037 3794; x_wconf 88' lang='lat' dir='ltr'>Postea</span> <span class='ocrx_word' id='word_1_116' title='bbox 1060 3752 1131 3796; x_wconf 91' lang='lat' dir='ltr'>vero</span> <span class='ocrx_word' id='word_1_117' title='bbox 1154 3752 1203 3794; x_wconf 88' lang='lat' dir='ltr'>ao·</span> 
     </span>
     <span class='ocr_line' id='line_1_18' title="bbox 54 3845 1201 3932; baseline -0.003 -19"><span class='ocrx_word' id='word_1_118' title='bbox 54 3852 173 3913; x_wconf 65' lang='lat' dir='ltr'>anate</span> <span class='ocrx_word' id='word_1_119' title='bbox 198 3846 234 3909; x_wconf 86' lang='lat' dir='ltr'>de</span> <span class='ocrx_word' id='word_1_120' title='bbox 258 3868 293 3908; x_wconf 89' lang='lat' dir='ltr'>eo</span> <span class='ocrx_word' id='word_1_121' title='bbox 317 3847 494 3911; x_wconf 79' lang='lat' dir='ltr'>referentem</span> <span class='ocrx_word' id='word_1_122' title='bbox 518 3847 578 3932; x_wconf 85' lang='lat' dir='ltr'>legi</span> <span class='ocrx_word' id='word_1_123' title='bbox 601 3848 635 3912; x_wconf 83' lang='grc' dir='ltr'>Τ.</span> <span class='ocrx_word' id='word_1_124' title='bbox 660 3848 865 3912; x_wconf 88' lang='lat' dir='ltr'>Colaninm</span> <span class='ocrx_word' id='word_1_125' title='bbox 890 3848 902 3926; x_wconf 83' lang='grc'>(</span> <span class='ocrx_word' id='word_1_126' title='bbox 928 3849 951 3931; x_wconf 92' lang='grc'>).</span> <span class='ocrx_word' id='word_1_127' title='bbox 1002 3845 1065 3918; x_wconf 79' lang='lat' dir='ltr'>Qui</span> <span class='ocrx_word' id='word_1_128' title='bbox 1080 3847 1201 3931; x_wconf 88' lang='lat' dir='ltr'>quidem</span> 
     </span>
     <span class='ocr_line' id='line_1_19' title="bbox 52 3961 1201 4047; baseline -0.001 -21"><span class='ocrx_word' id='word_1_129' title='bbox 52 3968 145 4041; x_wconf 73' lang='lat' dir='ltr'>qnae</span> <span class='ocrx_word' id='word_1_130' title='bbox 169 3961 207 4024; x_wconf 87' lang='lat' dir='ltr'>de</span> <span class='ocrx_word' id='word_1_131' title='bbox 231 3962 370 4026; x_wconf 83' lang='lat' dir='ltr'>Gaszio</span> <span class='ocrx_word' id='word_1_132' title='bbox 394 3962 483 4034; x_wconf 85' lang='lat' dir='ltr'>dicit,</span> <span class='ocrx_word' id='word_1_133' title='bbox 518 3964 605 4044; x_wconf 83' lang='lat' dir='ltr'>cnjus</span> <span class='ocrx_word' id='word_1_134' title='bbox 628 3964 678 4025; x_wconf 82' lang='lat' dir='ltr'>vix</span> <span class='ocrx_word' id='word_1_135' title='bbox 701 3962 779 4025; x_wconf 87' lang='lat' dir='ltr'>ultra</span> <span class='ocrx_word' id='word_1_136' title='bbox 802 3962 924 4026; x_wconf 87' lang='lat' dir='ltr'>Silesioe</span> <span class='ocrx_word' id='word_1_137' title='bbox 947 3964 1021 4026; x_wconf 82' lang='lat' dir='ltr'>fines</span> <span class='ocrx_word' id='word_1_138' title='bbox 1046 3964 1201 4047; x_wconf 83' lang='lat' dir='ltr'>cognitum</span> 
     </span>
    </p>
   </div>
   <div class='ocr_carea' id='block_1_9' title="bbox 48 4108 219 4136">
    <p class='ocr_par' dir='ltr' id='par_1_9' title="bbox 48 4108 219 4136">
     <span class='ocr_line' id='line_1_20' title="bbox 48 4108 219 4136; baseline -0.012 0"><span class='ocrx_word' id='word_1_139' title='bbox 48 4108 219 4136; x_wconf 42' lang='lat' dir='ltr'>&amp;M</span> 
     </span>
    </p>
   </div>
   <div class='ocr_carea' id='block_1_10' title="bbox 70 4249 1200 4504">
    <p class='ocr_par' dir='ltr' id='par_1_10' title="bbox 70 4249 1200 4504">
     <span class='ocr_line' id='line_1_21' title="bbox 102 4249 536 4317; baseline 0.005 -18"><span class='ocrx_word' id='word_1_140' title='bbox 102 4250 144 4312; x_wconf 89' lang='lat' dir='ltr'>(l)</span> <span class='ocrx_word' id='word_1_141' title='bbox 163 4249 233 4300; x_wconf 83' lang='lat' dir='ltr'>Barl.</span> <span class='ocrx_word' id='word_1_142' title='bbox 250 4249 308 4316; x_wconf 67' lang='lat' dir='ltr'>aila.</span> <span class='ocrx_word' id='word_1_143' title='bbox 328 4249 536 4317; x_wconf 68' lang='lat' dir='ltr'>Kirehenzeitaaq.</span> 
     </span>
     <span class='ocr_line' id='line_1_22' title="bbox 103 4343 1200 4411; baseline 0 -20"><span class='ocrx_word' id='word_1_144' title='bbox 103 4346 141 4406; x_wconf 77' lang='lat'>(2)</span> <span class='ocrx_word' id='word_1_145' title='bbox 161 4343 192 4393; x_wconf 93' lang='lat' dir='ltr'>In</span> <span class='ocrx_word' id='word_1_146' title='bbox 211 4344 326 4410; x_wconf 68' lang='lat' dir='ltr'>Ephoro„</span> <span class='ocrx_word' id='word_1_147' title='bbox 347 4346 419 4408; x_wconf 88' lang='lat' dir='ltr'>enjus</span> <span class='ocrx_word' id='word_1_148' title='bbox 437 4347 536 4409; x_wconf 68' lang='lat' dir='ltr'>praeiet</span> <span class='ocrx_word' id='word_1_149' title='bbox 554 4348 670 4397; x_wconf 82' lang='lat' dir='ltr'>editioni:</span> <span class='ocrx_word' id='word_1_150' title='bbox 688 4345 768 4396; x_wconf 74' lang='lat' dir='ltr'>Rae-ua</span> <span class='ocrx_word' id='word_1_151' title='bbox 790 4347 817 4395; x_wconf 81' lang='lat' dir='ltr'>da</span> <span class='ocrx_word' id='word_1_152' title='bbox 843 4345 977 4411; x_wconf 62' lang='lat' dir='ltr'>Thanar,</span> <span class='ocrx_word' id='word_1_153' title='bbox 1005 4347 1052 4395; x_wconf 86' lang='lat' dir='ltr'>VI.</span> <span class='ocrx_word' id='word_1_154' title='bbox 1071 4354 1095 4406; x_wconf 83' lang='grc'>3,</span> <span class='ocrx_word' id='word_1_155' title='bbox 1116 4349 1147 4397; x_wconf 88' lang='lat' dir='ltr'>od</span> <span class='ocrx_word' id='word_1_156' title='bbox 1166 4362 1200 4394; x_wconf 89' lang='lat' dir='ltr'>m.</span> 
     </span>
     <span class='ocr_line' id='line_1_23' title="bbox 70 4430 454 4504; baseline 0.005 -18"><span class='ocrx_word' id='word_1_157' title='bbox 70 4430 147 4488; x_wconf 77' lang='lat' dir='ltr'>Mart.</span> <span class='ocrx_word' id='word_1_158' title='bbox 170 4444 243 4499; x_wconf 78' lang='lat'>185³,</span> <span class='ocrx_word' id='word_1_159' title='bbox 263 4455 288 4504; x_wconf 82' lang='lat' dir='ltr'>p.</span> <span class='ocrx_word' id='word_1_160' title='bbox 313 4443 454 4489; x_wconf 81' lang='lat' dir='ltr'>iro-rae.</span> 
     </span>
    </p>
   </div>
   <div class='ocr_carea' id='block_1_11' title="bbox 0 0 1396 4958">
    <p class='ocr_par' dir='ltr' id='par_1_11' title="bbox 0 0 1396 4958">
     <span class='ocr_line' id='line_1_24' title="bbox 0 0 1396 4958; baseline 0 3"><span class='ocrx_word' id='word_1_161' title='bbox 0 0 1396 4958; x_wconf 95' lang='lat' dir='ltr'> </span> 
     </span>
    </p>
   </div>
  </div>
 </body>
</html>
