2782 4958
594 355 649 398 usu
673 355 781 400 aneon.
1195 340 1257 405 207

118 522 317 587 sAeaderaia‘
336 523 407 587 atta
429 523 488 605 ati,
517 545 602 608 quara
624 524 753 601 Iiatiad,
780 525 894 609 diuqua‘.
942 526 985 590 Et
1006 534 1077 591 aute
1099 530 1120 591 L
1143 536 1196 592 aut
1215 529 1263 592 LX

122 659 244 702 »cauea
263 638 300 700 ab
320 639 372 700 iac
393 660 470 702 urere
492 660 575 703 uerae
590 641 719 704 recedere
736 642 873 705 audebat.
902 643 994 710 Quum
1012 664 1089 719 aero,
1115 617 1262 721 alum,

124 777 138 807 n
150 751 301 815 Haieuaia
321 753 492 816 conderetur
513 754 687 835 Academia,
709 777 768 819 νον
787 755 869 827 audii
884 757 937 819 dac
953 763 1067 820 mutare
1083 758 1263 834 inceperunt.

125 864 211 929 »Sed
230 868 312 944 apud
331 869 467 950 quasdam
487 891 547 933 νον
568 870 644 933 satia
667 870 737 933 deae
757 891 802 933 ree
820 871 978 952 processit,
1004 879 1034 935 et
1056 872 1136 950 apud
1158 873 1265 937 atatim

126 983 231 1044 »mate
245 1003 277 1044 ec
298 982 416 1045 uomiae
436 983 607 1046 audiebant.
641 983 759 1047 Parare
770 984 844 1071 fuit
868 983 1007 1049 Christ.
1032 983 1263 1066 Thomasius,

127 1095 206 1178 »qui
227 1117 301 1173 prce
328 1095 394 1159 odic
414 1097 517 1160 darum
540 1097 742 1173 dittrrnrrm,
768 1099 844 1182 quod
868 1106 1056 1179 coacuerat,
1080 1099 1185 1178 patris
1209 1100 1263 1162 Ja-

133 1205 244 1271 scobi
266 1207 459 1287 disciplinam
461 1210 605 1296 suadeas,
619 1210 734 1273 Hatera
750 1232 781 1273 ae
795 1213 924 1276 cautrrtit
934 1213 1072 1296 deditque
1090 1213 1265 1277 occaeioueru

128 1323 333 1386 »Academiae
346 1325 522 1388 condendae.
571 1322 635 1387 Hic
659 1323 753 1406 icitur
778 1346 863 1407 quum
886 1325 1029 1390 datiuum
1056 1326 1181 1390 ruesciret
1202 1327 1261 1390 tiu·

128 1459 252 1519 »auaua
285 1460 354 1502 aeus
378 1445 423 1502 eat
450 1436 638 1502 Guaraaiaa‘.
671 1478 711 1488 -
740 1443 839 1522 Atque
870 1441 940 1502 iaec
960 1440 1037 1504 satis
1063 1440 1138 1504 citos
1161 1440 1266 1504 aurate

129 1573 320 1634 ›iproqressus
343 1575 461 1636 raraque
476 1541 660 1631 praevaluit.
694 1550 812 1614 Medici
832 1551 892 1616 soti
909 1554 1094 1616 retiuueruut
1112 1552 1266 1636 antiquum

130 1686 260 1728 »νιονονο
293 1687 382 1750 usque
408 1666 450 1728 ad
477 1667 554 1728 tuuc
592 1663 639 1748 [id
672 1668 717 1728 est
747 1663 882 1728 docentis
907 1666 1084 1749 Gesneri]
1118 1655 1208 1748 dieru,
1233 1666 1268 1730 iu

129 1777 322 1842 »Germanici
339 1800 398 1842 νον
421 1786 548 1854 tautum,
572 1779 626 1843 aed
646 1779 681 1842 iu
706 1781 774 1843 tatd
785 1801 886 1857 paeue
911 1780 1045 1859 narare.
1096 1779 1268 1864 Quodsorte

130 1892 221 1956 »ideo
245 1893 374 1979 faciuut
406 1901 440 1957 ut
476 1894 669 1958 euctudautur
705 1892 823 1956 Medici
852 1894 1034 1975 secundarii,
1068 1894 1207 1977 Chirurqi
1235 1902 1269 1958 et

129 2005 410 2087 »Pharmacaootaa
459 2008 544 2072 Hirro
572 2009 652 2072 iuter
678 2008 751 2072 ittae
777 2030 887 2086 semper
913 2008 1105 2091 eleaautiaria
1130 2008 1265 2072 Littera·

130 2131 240 2188 neuras
270 2132 396 2189 statores
420 2128 552 2212 fueraut
583 2127 594 2208 (
620 2121 671 2209 ).’'
706 2160 746 2170 -
783 2125 873 2194 llaec¹
892 2126 922 2186 ei
952 2121 1010 2186 alia
1040 2122 1077 2186 de
1110 2123 1266 2186 Geruauio

131 2238 176 2301 Ge
185 2260 304 2303 sneru
313 2262 341 2314 s;
364 2240 451 2323 cujus
466 2241 499 2304 in
519 2239 615 2324 patrii
630 2242 733 2322 postea
747 2235 836 2301 latius
851 2238 941 2302 eliam
956 2237 1096 2321 serpsisse
1111 2236 1264 2301 vernaculi

129 2353 276 2417 sermonis
298 2374 403 2430 usum,
427 2374 461 2417 ae
484 2352 582 2418 nullas
605 2374 666 2417 nou
690 2353 860 2417 Academias
883 2353 916 2416 in
937 2353 1035 2436 iisque
1058 2351 1178 2416 nullum
1201 2374 1264 2416 non

129 2467 358 2552 disciplinarum
389 2469 528 2534 Ordinem
559 2468 720 2532 inundasse
751 2469 890 2532 novimus
921 2480 1032 2530 omnes.
1079 2468 1264 2548 Quamquam

129 2603 169 2644 ne
190 2581 235 2646 ibi
258 2584 380 2666 quidem
402 2585 515 2669 priscae
538 2583 698 2647 defuerunt
727 2581 908 2646 eruditionis
932 2580 1062 2664 patroni,
1089 2580 1142 2663 qui
1166 2579 1264 2644 doctis

130 2719 169 2760 ex
207 2697 363 2762 auditoriis
402 2699 559 2763 doctorum
598 2696 746 2762 exclusam
784 2719 816 2761 se
853 2693 935 2760 nolle
972 2694 1108 2780 linguam
1145 2694 1262 2780 signifi·

128 2817 231 2875 careni
253 2813 317 2898 (2).

139 3008 289 3016 ——--—

164 3127 201 3190 (1)
220 3123 300 3174 Vidd.
318 3123 344 3174 J.
361 3126 399 3175 M.
417 3121 556 3176 Gesneri
578 3125 670 3188 primae
692 3123 767 3175 Haece
789 3123 907 3188 Isayayes
923 3123 949 3172 ia
965 3120 1031 3171 erud.
1054 3121 1118 3171 unio.
1141 3119 1264 3171 Accedunt

128 3233 190 3266 aune
204 3215 324 3282 praelecti.
348 3218 415 3281 ν’ροοο
439 3228 503 3268 caet.
527 3215 579 3267 Ed.
597 3216 624 3267 J.
642 3217 675 3268 N.
694 3216 809 3267 Niclss
834 3213 920 3278 (Gaetu.
941 3215 1025 3277 1784).
1048 3214 1122 3265 Τοιιι.
1141 3214 1164 3274 1,
1184 3231 1210 3280 p·
1228 3221 1260 3266 99

128 3325 167 3374 sq.
187 3334 219 3345 -
239 3308 279 3361 Ne
297 3326 374 3375 supra
391 3312 476 3362 minus
499 3318 615 3362 accurate
639 3309 778 3362 Gesneri
800 3309 926 3360 definiisse
944 3308 1030 3358 videar
1047 3312 1164 3367 aetatem,
1183 3307 1261 3358 verbo

128 3405 283 3454 monendum
311 3412 349 3454 est
375 3405 442 3456 diem
468 3418 526 3455 eum
550 3404 641 3454 obiisse
666 3419 701 3454 m.
724 3402 839 3465 August.
862 3416 887 3451 a.
911 3405 984 3451 1761.
1019 3397 1083 3450 Vid.
1107 3402 1138 3450 de
1155 3401 1262 3452 summis

127 3495 199 3545 illius
216 3496 312 3546 meritis
330 3497 516 3560 elegantissima
539 3496 566 3546 J.
584 3496 618 3546 A.
637 3494 786 3546 Ernestii
812 3495 928 3554 narratio,
957 3491 1058 3558 Opuscc.
1082 3500 1142 3546 orat.
1166 3493 1207 3556 (L.
1227 3491 1259 3543 B.

131 3589 209 3652 1762)
228 3605 251 3653 p.
271 3592 319 3639 307
338 3605 394 3654 sqq.

165 3683 202 3742 (2)
221 3681 375 3746 Nuperrime
393 3681 618 3746 Hagenbachii
636 3698 676 3733 me
694 3683 798 3747 querela
815 3680 936 3737 advertit,
953 3678 1079 3741 Theologi
1097 3679 1260 3742 praestantis·

129 3774 198 3831 simi,
217 3775 304 3824 dolere
328 3789 355 3824 se
373 3776 538 3838 significantis
557 3759 718 3840 quodemulti
736 3775 811 3824 hodie
834 3772 999 3823 humaniores
1024 3777 1187 3821 contemnent
1204 3772 1260 3821 Lir-

128 3873 198 3916 teras
222 3866 378 3930 Theologiae
404 3869 525 3926 cultores,
552 3876 628 3932 utque
654 3867 718 3918 adeo
742 3867 822 3926 illud,
851 3865 921 3929 quod
946 3864 1007 3914 olim
1033 3879 1092 3914 cum
1115 3864 1260 3928 Philologis

128 3957 292 4021 conjunctam
310 3974 365 4010 eam
382 3961 500 4022 tenebat,
516 3936 647 4031 vinculum
665 3974 694 4010 sc
712 3959 801 4008 foedus
820 3958 988 4008 dissolverint.
1015 3955 1077 4005 vid.
1095 3956 1164 4006 illius
1177 3958 1259 4007 atauo

127 4051 157 4100 de
182 4049 344 4112 aurorescente
366 4050 491 4116 disciplina
513 4051 599 4113 sacri,
625 4053 651 4102 in
677 4050 809 4102 Gelueri
829 4056 926 4114 protest.
950 4043 1081 4096 Moaatsbt.
1098 4047 1162 4098 VII.
1182 4052 1207 4107 6,
1227 4048 1260 4096 ed

128 4158 163 4191 m.
181 4140 244 4192 iun.
266 4148 340 4201 1856,
359 4160 383 4208 p.
403 4149 460 4194 382.
474 4169 506 4181 —
524 4144 625 4195 Verum
641 4158 703 4210 prae
720 4143 825 4194 caeteris
843 4143 873 4192 de
891 4141 995 4191 meliore
1013 4140 1075 4190 noti
1089 4138 1260 4190 Wilhslmi

129 4233 292 4295 Biihmeri,
312 4236 401 4287 Theoi.
420 4236 495 4288 Dect.
510 4246 535 4286 et
548 4238 619 4289 Psoi.
629 4237 787 4294 Wrsiisluv„
806 4234 1007 4285 commendanda
1019 4237 1055 4282 est
1065 4232 1129 4295 disp.
1142 4232 1180 4291 (in
1191 4229 1260 4297 Alta.

128 4326 258 4392 (aarum
272 4327 309 4379 K.
326 4328 391 4381 Zeu.
409 4335 483 4392 1851,
494 4330 540 4381 No.
549 4332 592 4391 26)
606 4330 634 4381 de
651 4331 764 4381 actionum
774 4327 963 4379 Christianarum
977 4323 1064 4376 Lau'ao
1075 4337 1178 4372 sermore
1189 4338 1259 4372 errau-

124 4423 229 4472 a'aa'aue.
266 4421 317 4473 Ubi
331 4421 403 4485 justi
420 4437 478 4474 cum
497 4424 669 4489 indignatione
688 4423 885 4475 Richardum
909 4418 1012 4470 Bothe
1030 4416 1135 4473 refutem
1161 4415 1205 4480 qui
1222 4414 1258 4480 (in
