2782 4958
542 369 704 417 consuunt.
1126 351 1188 413 tit

50 533 222 597 verendum
237 539 281 599 cst
296 555 334 596 no
351 535 529 599 Criticorunr
551 537 670 610 studiis
688 559 741 621 per·
757 559 787 599 se
802 540 875 601 sctis
894 537 1076 614 difficilibus,
1096 561 1189 604 nonne

50 648 119 710 sine
143 646 208 710 utin
232 647 620 727 necessitnte·difficuitntes
643 648 847 733 objiciantur?

100 762 161 825 Sed
184 782 254 825 cum
276 763 321 838 et,
348 781 437 844 quam
460 762 665 840 instituimus,
683 764 841 847 utriusque
863 764 1006 830 editionis
1028 764 1189 831 collatione

52 877 180 941 fortasse
211 883 241 941 te
271 874 407 958 juvabit,
440 877 533 941 amice
560 880 681 942 Lector!
715 877 878 942 [insidii
911 900 1080 964 comparare
1107 878 1189 963 judi-

53 991 138 1054 cium
156 991 216 1072 (i);
240 989 327 1073 cujus
350 990 512 1055 auctoritas
541 995 641 1056 nostra
664 990 855 1056 confirmabit
877 993 991 1057 monita
1014 993 1190 1077 cavebitqus

54 1126 94 1168 ne
117 1105 181 1169 tuis
202 1125 240 1169 ex
264 1101 400 1167 manibus
427 1101 503 1168 liber
525 1103 649 1170 tollatur
671 1104 861 1170 utilissimus.
909 1107 963 1171 Hic
991 1107 1087 1193 igitur
1108 1113 1191 1194 post·

55 1240 149 1302 quam
171 1219 344 1284 brevissime
366 1218 403 1282 de
426 1220 465 1282 iis
488 1219 622 1295 dixerat,
647 1241 723 1303 quac
745 1219 793 1285 vel
815 1205 892 1285 nove
914 1221 1055 1305 adjecerit
1075 1223 1118 1306 (i)
1142 1222 1191 1288 vel

53 1339 157 1398 vetera
179 1334 313 1399 omiserit
334 1333 555 1398 recentissimus
582 1331 631 1396 hic
651 1332 897 1418 Apocryphorum
921 1334 1036 1411 Editor,
1064 1336 1106 1400 ita
1128 1335 1189 1401 fere

55 1448 177 1532 pergit:
210 1449 309 1516 »tinae
317 1449 387 1531 jara
405 1447 540 1511 ediderat
554 1445 713 1522 Thilo,’'
731 1446 846 1530 iuquit,
866 1470 924 1511 »ea
946 1470 981 1512 aa
990 1456 1083 1528 parte
1103 1457 1191 1514 ancta

56 1562 242 1646 »mettisque
263 1562 384 1628 satiatis
409 1561 562 1627 Oadiaidnr
578 1561 731 1625 emendata
750 1561 847 1626 tradit
864 1562 950 1627 Tiso
961 1561 992 1627 h.
1029 1565 1112 1633 Quod
1124 1564 1189 1629 tin·

56 1678 184 1759 »putare
209 1678 297 1760 bajas
317 1676 460 1740 editionis
478 1683 523 1739 est
545 1675 687 1739 meritura.
738 1679 831 1747 anrn
852 1699 920 1742 aero
943 1681 1054 1743 Graeca
1075 1687 1191 1744 tantam

57 1812 115 1853 »ac
137 1790 254 1854 Latina
272 1790 383 1870 santia
399 1790 519 1869 prodat,
540 1812 575 1853 ae
593 1790 678 1855 nihii
692 1814 863 1874 mapnapere
883 1794 925 1856 ad
941 1817 1036 1858 earam
1056 1798 1192 1882 ransart

58 1906 376 1986 »interpretationem
404 1929 482 1970 nnnc
508 1907 598 1970 etiarn
630 1904 815 1969 Thilonis
845 1905 939 1981 tibro,
964 1928 1045 1989 quern
1070 1907 1192 1970 minime

58 2042 327 2100 »snpnnacanenrn
345 2018 613 2084 Tischendorf
617 2019 647 2082 ii
670 2019 802 2084 reddidit
823 2041 922 2097 opera,
944 2019 1089 2103 inteprnra
1108 2042 1192 2085 satiat

56 2142 198 2199 »condat
220 2157 254 2199 aa
268 2135 424 2215 propriata
440 2133 595 2215 pretinm”
614 2136 672 2217 (3).

103 2583 146 2645 ne
169 2584 259 2656 norit,
284 2603 374 2665 quam
397 2583 552 2662 Iripsiensi
574 2581 714 2646 debemus
737 2582 858 2655 Critico,
882 2580 987 2645 horum
1011 2580 1192 2666 scriptorum

55 2693 191 2759 editione
215 2695 285 2760 haec
306 2697 456 2762 sufficient
471 2697 610 2765 universe
626 2697 787 2782 disputata.
813 2698 898 2760 Nunc
912 2702 1011 2760 nutem
1030 2716 1091 2759 non
1107 2694 1190 2760 nullu

46 2854 248 2875 nge-*mannua

95 2959 135 3021 (1)
153 2958 183 3008 In
202 2956 291 3009 Jarrn.
307 2958 351 3009 der
371 2958 435 3010 ntor.
457 2959 600 3011 Wissensctr.
617 2961 653 3011 V.
675 2967 857 3019 1853-1853,
875 2978 899 3026 ρ.
919 2968 964 3013 281
986 2977 1025 3027 sq.

96 3051 135 3114 (2)
154 3051 244 3115 Longe
256 3054 330 3117 plura
347 3068 414 3105 nore
430 3055 547 3119 prodidit,
558 3071 635 3121 quam
653 3070 686 3105 ex
698 3057 781 3105 minus
797 3057 917 3105 accurato
930 3056 1042 3106 effeceris
1054 3055 1193 3106 Ervnldii

60 3147 221 3197 recensione.
246 3145 322 3207 Quod
341 3162 370 3197 en
387 3150 493 3206 docent,
513 3162 577 3212 quac
598 3163 684 3212 supra,
704 3164 729 3212 p.
743 3153 798 3206 122,
810 3147 965 3202 monuimus,
984 3146 1064 3210 ipsius
1083 3147 1193 3209 repositi

61 3239 311 3290 Tischondorfii
331 3241 468 3290 notatione.
488 3240 559 3291 Vere
577 3241 678 3305 quidem
687 3241 748 3290 dicit
765 3240 823 3289 En.
842 3255 858 3289 n
875 3238 1082 3301 Birchiojnm
1096 3239 1191 3288 editum

61 3349 119 3386 esse
136 3312 306 3398 opusculum,
324 3336 391 3397 quod
408 3349 432 3398 p.
448 3339 498 3384 438
514 3349 569 3398 sqq.
582 3336 682 3399 repetiit
700 3334 821 3393 Tisch„
842 3348 867 3398 q.
880 3335 904 3382 d.
915 3324 1070 3397 Ὕφήγησις
1087 3327 1190 3396 Ἰωσήφ

60 3428 115 3478 τοῦ
134 3425 189 3476 ἀπὸ
208 3422 415 3494 Ἀριμαθαίας.
450 3426 528 3492 Apud
553 3428 625 3477 ilium
654 3429 737 3487 enim,
762 3427 878 3491 quemvis
906 3427 996 3476 vitiose
1019 3427 1191 3488 descriptum,

61 3529 148 3574 exstet
165 3524 192 3573 in
216 3522 332 3572 Aeraria
349 3520 407 3571 aad.
427 3519 517 3586 Aparr.
537 3519 577 3572 N.
600 3518 629 3570 T.
646 3519 789 3570 Fabriciani
809 3517 905 3580 (Have.
926 3519 1009 3579 1804),
1028 3534 1054 3582 p.
1072 3523 1118 3567 183
1135 3532 1192 3583 sqq.

61 3617 162 3668 Verum
180 3616 251 3668 illem
267 3610 424 3682 Ὑφὴγησιν
441 3630 491 3665 non
510 3620 657 3679 reposuerat
675 3613 792 3673 Thilo,
807 3627 852 3662 nec
871 3616 896 3661 in
914 3613 956 3672 iis,
974 3626 1038 3677 quac
1056 3626 1124 3662 nunc
1140 3612 1193 3676 pri-

62 3725 135 3761 mum
153 3726 168 3760 a
186 3724 213 3760 se
231 3710 299 3759 edito
316 3711 381 3767 sint,
401 3715 515 3757 recenset
534 3706 639 3756 Tisch.
911 3695 915 3704 '

98 3805 136 3864 (³)
155 3799 242 3853 Critici
269 3801 400 3867 Lipsiensis
418 3802 528 3851 editione
546 3800 606 3863 quid
624 3800 798 3856 continentur,
816 3811 916 3848 summo
933 3798 992 3861 jure
1010 3799 1119 3849 Editoris
1140 3801 1193 3850 sin·

62 3896 147 3962 guluri
165 3897 308 3961 praedicati
323 3895 463 3954 industrii,
478 3894 578 3958 copiose
595 3891 671 3941 refert
690 3887 787 3941 Censor
798 3889 846 3949 L.,
864 3891 890 3940 in
910 3888 1151 3942 Tratttreranrtt.
1170 3911 1192 3945 z.

63 3990 98 4040 A.
117 3987 248 4050 (Damnst.)
267 3986 303 4036 K.
319 3986 368 4049 2.,
388 3991 419 4038 ad
442 4004 465 4038 a.
493 3991 572 4046 1853,
595 3984 642 4034 ΝΟ.
662 3989 716 4034 133.
751 3984 838 4048 Atque
864 3986 905 4034 hic
931 3986 1088 4035 commodum
1116 3989 1193 4038 ctiam

63 4083 156 4148 probat
172 4098 201 4133 ec
214 4081 314 4146 facilem
331 4082 400 4131 illins
419 4079 575 4130 Latiniurtem.
594 4104 624 4115 -
645 4078 768 4142 Equidem
788 4080 864 4141 quod,
875 4086 899 4127 et
917 4080 957 4128 hic
977 4087 1001 4128 et
1016 4079 1093 4140 alibi,
1109 4085 1194 4142 prisco

63 4192 135 4226 more
154 4190 202 4226 nec
227 4175 312 4226 Seculi
332 4175 482 4238 contagione
503 4174 570 4224 iniici
594 4188 648 4223 sese
670 4187 771 4236 pessus,
792 4170 878 4220 Latine
899 4173 1011 4235 scripsit,
1032 4158 1193 4224 uehementer

63 4270 219 4321 laudandum
236 4283 336 4319 censeo.
355 4266 407 4317 Nec
422 4268 567 4331 qnisquam,
581 4268 625 4330 qui
640 4266 754 4330 pulcrum
774 4265 820 4313 hoc
838 4265 906 4314 iilius
919 4265 1029 4316 imitatus
1046 4267 1093 4315 crit
1106 4280 1194 4317 exem-

62 4363 145 4428 plum,
164 4379 204 4414 me
223 4362 327 4426 quidem
346 4361 485 4419 orationis,
506 4352 643 4408 dummodo
661 4373 711 4408 non
733 4358 807 4421 plone
826 4357 998 4422 improbabilis
1016 4373 1044 4406 nc
1062 4361 1121 4409 satis
1138 4375 1194 4423 por·

62 4457 175 4520 epicure,
193 4452 316 4517 difficilem
334 4455 435 4505 irnbebit
450 4453 574 4516 judicem.
