2782 4958
541 321 582 363 un
605 319 804 362 noxaaunsro.
1223 294 1241 356 9

108 489 241 562 Litteris
271 486 385 562 tribuit
410 485 608 574 recolendis;
638 499 671 558 et
699 489 802 584 quum
832 485 971 583 primum
1001 484 1123 557 Palladi
1151 486 1245 583 plane

108 612 260 686 redditus
291 623 379 698 erat,
408 610 517 683 amissi
546 609 617 708 (sod
648 634 745 708 quam
774 610 911 683 honeste
942 610 1079 708 amissit)
1116 624 1245 709 tempo-

110 738 156 808 ris
194 738 356 833 jacturam
393 733 548 807 adstricta
583 733 721 807 redemit
758 731 918 804 iudustrid
949 733 1133 831 viriumque
1168 759 1248 806 con-

108 859 267 932 tentione.
318 859 389 930 Jam
421 857 448 930 si
481 857 606 955 primus
631 883 692 954 ego
719 857 760 933 de
787 858 919 956 Collega
949 857 1145 943 scriberem,
1174 859 1249 954 jure

108 1007 241 1079 possem
278 979 495 1053 academicam
526 981 597 1076 ejus
630 979 729 1053 vitam
765 983 796 1055 in
833 981 1017 1081 exemplum
1048 1006 1247 1079 proponere,

109 1105 261 1178 omnium
276 1104 455 1176 imitatione
469 1102 693 1199 dignissimum
710 1109 866 1204 juvenum
882 1104 1149 1202 theologicorum.
1175 1106 1249 1177 Non

108 1233 222 1304 minus
246 1257 323 1305 vere
346 1231 512 1330 profecto,
539 1255 637 1328 quam
663 1229 702 1300 dc
721 1228 926 1300 odolescentid
943 1227 1193 1317 Ruhnkenii,
1215 1228 1249 1299 in

109 1354 291 1452 cmemplcm
307 1355 468 1451 propositi
484 1351 724 1424 adolescentibus
739 1352 874 1423 Batauis
890 1351 1040 1423 donorum
1057 1352 1250 1424 Litterarum

109 1477 272 1565 studiosis,
309 1476 384 1548 olim
426 1475 544 1548 dixisse
581 1475 732 1548 novimus
771 1475 1138 1573 Wyttenbaohium
1184 1475 1246 1573 (f).

112 1602 256 1686 Verum,
288 1598 421 1697 qnando
453 1598 525 1686 alii,
560 1597 720 1672 Kistius
754 1598 926 1696 imprimis,
956 1599 1247 1687 Scholtenius,

113 1720 302 1809 Glasius,
322 1735 402 1819 quot
424 1734 456 1794 et
476 1721 585 1820 qualia
606 1735 795 1794 ornamenta
817 1721 902 1795 illius
922 1721 1075 1795 habuerit
1093 1723 1250 1819 juventus

115 1857 270 1917 accurate
294 1831 495 1932 retulerunt,
519 1843 658 1917 maloin
682 1845 832 1918 universa
854 1845 899 1918 rei
926 1845 1091 1918 notatione
1114 1846 1250 1944 acquie-

116 1992 219 2055 scere,
233 1991 331 2064 quam
345 1991 459 2040 eorum
475 1966 569 2039 dietis
587 1965 821 2066 amplificandis
840 1965 982 2038 disertus
999 1965 1110 2038 videri.
1138 1969 1248 2052 Quum

117 2089 308 2189 praesertim
334 2114 474 2187 quorum
506 2090 645 2162 maxime
666 2092 917 2187 Praeceptorum
942 2089 1125 2186 exemplum
1151 2102 1251 2187 atque

119 2212 280 2284 institutio
305 2212 347 2284 ad
369 2215 440 2310 ejus
457 2213 598 2286 animum
618 2213 778 2283 Historiae
796 2211 982 2308 singulatim
1000 2210 1101 2282 amori
1125 2236 1163 2283 ac
1180 2226 1252 2284 stu-

120 2336 172 2409 dio
206 2337 444 2410 conciliandum
476 2336 629 2425 valuerit,
660 2333 880 2408 commodiore
910 2332 1019 2431 aliquo
1047 2332 1119 2404 loco
1150 2332 1252 2404 simus

120 2458 309 2558 exposituri.

165 2585 274 2668 Quam
293 2581 499 2657 laudabiliter
516 2582 659 2680 juvenile
679 2579 758 2653 illud
777 2591 981 2677 percurrerat
998 2578 1158 2676 spatium,
1178 2590 1251 2650 tan-

121 2719 189 2777 tum
223 2704 351 2777 decoris
377 2704 502 2792 attulit,
538 2731 604 2802 quo
628 2707 699 2801 ejus
728 2719 844 2777 metam
872 2702 1008 2775 feliciter
1032 2703 1155 2800 attigit,
1184 2703 1253 2775 dies

117 2829 179 2900 XII
200 2853 241 2901 m.
267 2829 376 2902 Martii
400 2854 428 2900 a.
451 2831 716 2902 MDCCCXVlll.
757 2829 831 2915 Quo
854 2827 925 2916 die,
956 2853 1054 2926 quam
1081 2852 1251 2901 commen-

118 2957 220 3040 tdrat,
248 2977 306 3049 pro
334 2952 531 3049 Theologiae
556 2954 707 3024 Doctoris
730 2951 833 3050 gradu
859 2950 1088 3049 consequendo
1112 2951 1252 3048 disputo·

118 3076 230 3147 tionem
258 3073 389 3173 publice
409 3075 554 3149 defendit
576 3075 797 3172 incorporalem
818 3075 856 3146 dc
880 3074 984 3146 olterd
1004 3073 1105 3146 Poolr'
1123 3074 1166 3146 od
1193 3072 1254 3146 Co·

118 3199 251 3270 rinthios
275 3198 405 3295 epistold
426 3213 454 3269 ct
475 3198 668 3271 observoudd
692 3200 725 3269 io
750 3199 809 3270 illd
838 3196 980 3293 Apostoli
997 3196 1100 3267 indole
1124 3209 1152 3266 ct
1176 3221 1253 3268 oro-

121 3325 201 3393 tiorre
230 3320 292 3420 (2).
332 3322 394 3394 Ubi
421 3321 500 3420 quid
524 3322 661 3394 maxime
684 3321 897 3419 spectaverit,
920 3319 1102 3393 luculenter
1123 3317 1255 3414 exponit

122 3444 300 3540 Praefatio.
350 3444 574 3518 Heusdium
611 3444 694 3516 enim
725 3444 893 3516 audiverat
922 3443 1084 3514 Auctores
1114 3442 1256 3512 Graecos

123 3592 215 3640 more
239 3594 320 3654 suo,
351 3568 382 3639 id
411 3582 460 3640 est
489 3567 677 3666 simpliciter
702 3582 734 3640 et
759 3565 933 3664 eleganter,
957 3564 1188 3662 explicantem,
1219 3577 1256 3636 ut

125 3692 157 3764 ia
182 3692 285 3789 ipsam
308 3715 421 3765 eorum
440 3706 577 3764 aetatem
597 3690 696 3763 veluti
713 3689 965 3761 transferrentur
982 3685 1133 3759 Studiosi.
1161 3683 1255 3758 Unde

125 3815 167 3887 ad
188 3814 398 3912 Theologiam
418 3815 597 3913 profectum
617 3812 751 3886 eandem
771 3813 860 3884 Sacri
881 3810 1009 3883 Codicis
1030 3809 1156 3907 legendi
1172 3808 1255 3880 viam

126 3937 221 4036 sequi
247 3953 383 4009 conatus
404 3952 483 4010 erat.
523 3935 722 4023 »Jocabor,”
744 3935 868 4032 inquit,
896 3935 955 4005 »ia
977 3933 1091 4005 Pauli
1117 3931 1257 4004 momimc

134 4144 284 4153 *-

166 4260 211 4331 (1)
233 4259 377 4332 Ipsissima
396 4259 478 4331 hujus
492 4260 576 4314 verba
595 4258 639 4312 lrfc
657 4256 781 4328 reposui,
800 4257 899 4327 quibus
919 4255 1061 4310 habitaeu
1081 4274 1110 4310 se
1125 4255 1260 4311 orationis

134 4367 326 4430 argumentum
346 4357 460 4425 indicat,
488 4359 559 4414 Vitae
577 4356 774 4412 Rulrnlxenii
794 4356 964 4428 praefatione
985 4355 1107 4410 incunte.

171 4460 218 4530 (⁸2)
239 4458 318 4528 Traj.
341 4460 375 4512 ad
395 4459 449 4515 er.
475 4465 556 4524 1818,
581 4463 632 4513 152
653 4477 699 4530 pp.
723 4459 743 4510 f.
765 4464 780 4512 8
803 4457 868 4528 maj.
