2782 4958
597 371 762 421 cananaea.
1185 353 1252 420 tlt

153 655 244 719 Nunc
266 655 369 730 etiam,
393 653 483 717 sicuti
506 657 604 730 antea,
630 652 764 718 nullb-io
789 674 820 718 re
839 654 939 717 minus
957 652 1015 718 sibi
1032 654 1168 718 constitit
1187 653 1249 717 Cri-

108 769 208 844 tica,
240 789 330 852 quam
361 769 395 832 in
417 767 599 832 aestimandt
622 769 659 832 N.
685 770 719 833 T.
735 769 803 854 fiale
825 767 978 832 historiari.
1027 767 1128 850 Neque
1150 768 1248 852 igitur

108 904 192 970 spem
216 889 349 947 nostram
372 880 458 967 plane
480 883 669 947 confirmavit
690 881 802 964 exitus,
818 885 893 970 fora
912 889 957 958 nt,
979 881 1007 946 ai
1024 883 1139 965 qnando
1157 881 1248 945 testib

108 998 245 1062 editione
273 998 504 1082 Eneapeiiornnr
534 998 742 1077 interpretatio
772 1006 969 1078 repeteretur,
997 999 1085 1061 nnita
1117 996 1248 1075 amplias

107 1112 238 1192 pristini
261 1110 445 1191 Scapticiemi
467 1133 501 1176 ac
516 1112 703 1196 praemunis
725 1112 759 1174 in
779 1114 861 1177 retra
883 1113 1102 1197 inconstantiae
1120 1111 1248 1194 oestipia

108 1226 452 1305 maecenatiana
463 1228 522 1309 (l).
549 1225 733 1311 Singulatim
747 1224 799 1289 hic
813 1226 950 1290 [naama
961 1223 1123 1310 paullisper
1138 1223 1249 1306 scripta

107 1339 305 1404 attendamus.
338 1338 448 1402 Leman
470 1338 563 1420 enim,
582 1337 678 1402 Paulli
700 1339 853 1416 comitem,
870 1340 1040 1423 utriusque,
1066 1338 1120 1420 qni
1142 1337 1171 1400 ei
1192 1335 1248 1399 tri·

108 1451 236 1531 buitur,
269 1452 339 1518 libri
368 1472 472 1515 verum
501 1473 564 1515 esse
596 1453 755 1517 ductorem
785 1452 955 1518 luculenter
980 1459 1069 1537 atque
1091 1456 1177 1517 acute
1200 1452 1248 1515 de·

109 1571 270 1631 monstrat.
310 1567 370 1630 Nec
391 1584 500 1652 panem
522 1564 605 1630 illius
628 1568 829 1647 narrationes,
855 1589 982 1652 quarum
1005 1568 1193 1634 veracitatem
1215 1567 1248 1629 in

109 1680 239 1747 dubium
253 1684 397 1746 toctraut
419 1681 663 1758 Strausnius,
686 1684 850 1759 Baurus,
874 1681 1071 1760 Zellerus,
1094 1680 1156 1759 alii,
1176 1685 1248 1744 stre·

108 1816 171 1860 nne
194 1800 300 1860 tuetur
322 1801 411 1880 atque
433 1795 469 1860 ab
492 1794 615 1859 illorum
637 1796 771 1860 vindicat
794 1795 1021 1880 objectionibus.
1059 1794 1153 1870 Quam
1177 1813 1248 1877 ope-

108 1929 172 1976 rnm
200 1911 240 1973 iis
270 1910 343 1994 ipsis
373 1909 463 1974 etiam
495 1906 623 1972 subinde
657 1915 784 1993 praesint
813 1909 905 1991 locis,
937 1908 990 1973 nbi
1019 1908 1141 1972 mirifici
1174 1905 1249 1988 quid

108 2024 271 2088 memoriae
304 2022 457 2108 proditur.
520 2022 694 2108 Cujusmodi
726 2030 757 2088 et
786 2024 860 2088 aliae
891 2028 962 2088 sunt
991 2030 1022 2088 et
1060 2021 1134 2100 hae,
1174 2042 1249 2105 quas

110 2136 242 2222 exempli
264 2139 362 2222 gratit
383 2139 485 2213 affero,
502 2137 657 2201 Interam
675 2139 876 2202 narrationes:
896 2139 934 2202 de
954 2137 1061 2203 viduae
1079 2135 1246 2200 Na'r'niticae

109 2249 175 2316 ilio
190 2248 228 2314 ab
243 2250 309 2334 ipso
325 2249 455 2327 Christo,
472 2253 547 2316 item
564 2251 601 2317 de
619 2248 757 2330 Tabithd,
776 2251 885 2317 Christi
904 2257 1061 2337 potestate,
1080 2274 1097 2315 a
1112 2253 1200 2315 Petro
1214 2251 1247 2313 in

110 2365 205 2429 vitam
227 2365 384 2441 revocatis,
408 2364 523 2449 Ecmnp.
541 2367 599 2432 Vll.
619 2368 656 2429 lt
675 2386 754 2450 sqq,
772 2370 856 2431 rtett.
872 2370 952 2446 App.
970 2368 1018 2430 lll.
1037 2367 1187 2443 dO—d33
1205 2403 1248 2417 -

112 2477 150 2544 tle
167 2478 284 2543 melone
300 2481 460 2560 nocturnt,
483 2478 587 2544 Paullo
607 2478 738 2564 objectt,
758 2482 832 2545 ibici.
857 2482 923 2544 llll.
947 2483 987 2557 93
1006 2480 1101 2544 -de
1119 2480 1249 2545 mirifiot

112 2592 247 2678 eiusdem
268 2592 365 2658 Paulli
387 2614 421 2658 ac
444 2593 523 2658 Silae
545 2593 733 2672 liberatione,
759 2595 822 2660 aad.
847 2596 919 2675 Cap.
943 2604 1014 2660 sect.
1040 2597 1093 2659 ut.
1118 2597 1180 2666 26:
1205 2633 1246 2643 -

112 2705 148 2772 de
162 2707 293 2794 Angelo,
309 2729 399 2793 quem
414 2708 472 2774 sibi
492 2710 662 2794 apparuisse
680 2709 829 2775 dicentem
849 2711 987 2775 andimus
1001 2707 1150 2787 Paullum,
1168 2707 1244 2772 ibid.

112 2823 217 2888 xxvss.
242 2822 298 2886 23.
324 2823 388 2900 rm
415 2859 457 2870 -
481 2823 518 2888 de
540 2825 662 2908 ripert,
688 2825 821 2909 ejusdem
844 2845 966 2889 manum
988 2821 1191 2908 prehendente
1213 2843 1248 2884 ac

113 2937 279 3013 mordente,
304 2938 376 3001 ibid.
398 2938 517 3009 Xlllllll.
542 2938 562 3002 3
585 2958 648 3022 sqq.
686 2939 820 3013 Quorum
842 2938 978 3003 omnium
996 2938 1194 3002 characterem
1213 2956 1249 3000 ao

112 3052 200 3117 idam
231 3051 402 3117 nnuman
426 3050 574 3135 praeclare
602 3050 747 3117 defendit.
795 3056 855 3117 Nec
878 3052 979 3116 minus
1009 3056 1089 3115 recte
1118 3055 1150 3114 et
1172 3047 1245 3113 alibi

112 3170 243 3232 versatur
266 3170 297 3230 et
318 3166 351 3231 in
374 3163 496 3246 Christi,
521 3167 639 3230 Sacram
662 3167 789 3231 Coenam
810 3166 1010 3241 instituentis,
1034 3162 1145 3240 verbis,
1170 3183 1247 3246 quae

114 3279 192 3346 solus
213 3278 321 3344 retulit
341 3279 448 3356 Rana,
473 3281 592 3371 Eaaup.
618 3281 700 3346 XXll.
731 3282 770 3345 19
794 3303 856 3364 sqq.

152 3397 264 3460 Verum
286 3393 344 3458 hoc
366 3395 399 3457 in
415 3414 523 3479 genere
542 3400 622 3460 recte
641 3395 791 3460 diotomm
809 3396 872 3459 rim
889 3399 919 3458 et
937 3394 1143 3458 auctoritatem
1163 3412 1247 3456 ener-

112 3516 159 3576 rat
181 3511 246 3594 ipse
276 3514 306 3573 et
328 3508 487 3594 infringit,
520 3509 573 3574 uhi
596 3509 667 3574 alias
689 3510 824 3594 ejusdem
848 3509 1004 3591 historias,
1037 3529 1100 3571 non
1130 3506 1246 3571 minora

103 3697 258 3714 5--0-

104 3820 201 3878 aren,
220 3821 288 3870 land.
299 3821 326 3871 iu
348 3819 594 3881 Lateranrrbl.185⁴,
614 3824 662 3876 No.
680 3829 734 3874 134.
762 3823 811 3874 Hic
830 3826 913 3883 enim,
926 3826 1013 3889 paullo
1030 3826 1155 3884 severius,
1169 3837 1246 3887 quam

104 3926 156 3978 ogo
177 3913 304 3970 feceram,
325 3911 457 3976 judicans,
475 3920 527 3963 tam
551 3921 693 3965 contortam
718 3917 783 3965 hanc
806 3922 880 3967 vocat
904 3917 1154 3982 interpretationem,
1170 3928 1246 3981 qnam

103 4017 186 4055 nemo
203 4003 279 4055 facile
295 4005 328 4054 sit
345 4006 521 4070 amplexuros.

140 4096 182 4160 (1)
201 4094 294 4148 crana
313 4098 331 4148 1.
348 4099 368 4148 l.
392 4115 417 4164 p.
437 4103 478 4149 55.
497 4125 529 4136 -
547 4100 629 4152 Plane
656 4104 797 4163 contraria,
819 4117 851 4153 ue
878 4105 940 4170 qnid
967 4103 1090 4163 diffitear,
1118 4105 1246 4155 contendit

102 4187 267 4256 Anonymns
284 4191 311 4242 in
328 4191 394 4257 Eph.
414 4191 440 4242 T
437 4191 497 4243 iaci.
513 4192 670 4244 Literaturbl.
686 4211 709 4245 r.
720 4193 754 4244 A.
772 4192 808 4244 Κ.
823 4193 858 4246 Z.
875 4200 950 4255 1855,
969 4193 1015 4245 No.
1034 4198 1074 4246 7³.
1109 4194 1158 4245 Hie
1176 4196 1246 4245 enim

103 4282 139 4333 de
157 4295 252 4332 comm.
270 4282 298 4334 in
314 4282 380 4334 Acta
397 4285 465 4350 App.
483 4287 622 4350 posteriore
640 4287 751 4339 editions
772 4289 808 4338 sic
826 4289 918 4350 refert,
938 4295 967 4340 ut
984 4305 1029 4339 non
1045 4289 1106 4339 scta
1123 4288 1247 4353 sceptrum

105 4388 171 4425 enm
189 4388 245 4425 esse
263 4376 323 4426 satis
341 4385 428 4441 aperte
446 4385 545 4441 arguat.
564 4359 703 4446 -'Atqne
721 4383 797 4444 idem,
810 4383 898 4434 eodem
916 4383 942 4433 in
961 4395 1048 4447 opere,
1067 4378 1165 4432 Censor
1181 4381 1244 4446 agit,

108 4481 188 4533 quem
208 4469 284 4520 modo
302 4472 456 4536 memorari,
474 4475 649 4527 commentarii
668 4475 695 4526 in
713 4473 838 4529 Jaanaen.

1056 4568 1121 4635 10'
