2782 4958
559 343 599 385 nu
621 341 819 387 uousnansro.
1214 327 1256 389 ts

117 527 153 587 ut
175 512 288 611 aliqua
310 524 399 585 certe
422 535 463 582 ex
487 522 579 608 parte
612 511 649 582 iis
679 511 935 599 innotescerent,
954 511 1142 586 utilissimos
1164 515 1258 587 binos

117 637 251 734 Collega
276 635 403 735 paravit
435 633 636 731 Conspectus,
655 650 754 733 atque
776 635 808 707 in
832 635 1017 734 periodico,
1034 636 1123 734 quod
1145 663 1258 711 omnes

120 761 257 858 legunt,
281 757 496 831 Ullmauni
523 772 556 832 et
585 758 822 832 Umbreitii
844 785 942 858 opere
967 759 1117 857 prodidit.
1168 761 1259 835 Alte-

123 907 199 957 rum
224 881 435 978 scriptorum,
454 880 654 977 Theolopium
671 883 884 978 spectantium,
904 881 1160 971 academicorum,
1180 908 1260 980 quoe

122 1007 159 1077 iu
185 1004 303 1101 Belpio
324 1003 570 1101 Septentriouuli
595 1004 802 1101 prodierunt,
824 1004 896 1076 inde
924 1004 964 1076 ub
987 1030 1017 1077 o.
1047 1008 1261 1103 tutumque

125 1127 169 1199 ud
208 1152 238 1203 u.
270 1128 376 1202 4829.
429 1125 578 1198 Alterum
615 1128 820 1223 scripturum,
852 1127 961 1199 eudem
991 1153 1062 1198 cum
1092 1127 1261 1224 discipline

121 1249 375 1346 cunjunctorum,
408 1272 487 1346 quoe
522 1273 543 1319 a
580 1247 784 1320 Societutilus
816 1250 990 1347 theolopicis
1022 1251 1057 1321 in
1085 1250 1261 1323 Hollorulitl

123 1373 296 1445 recentiore
317 1396 393 1443 nevo
421 1385 493 1442 suut
522 1371 624 1457 culum·
653 1370 842 1447 societatum
867 1372 998 1446 illerum
1019 1373 1057 1446 cle
1086 1373 1209 1471 ocipiue
1233 1387 1263 1444 et

125 1496 231 1570 indole
255 1497 342 1570 breui
358 1495 541 1594 praepositui
563 1496 717 1568 notatione
740 1494 790 1595 (t)

172 1621 288 1696 Doctis
309 1620 593 1696 Nederlantlorum
615 1619 647 1692 in
669 1618 851 1708 Sodalitiis,
874 1644 1015 1718 quorum
1042 1619 1176 1693 brevem
1199 1621 1261 1692 ali-

124 1770 226 1844 quam
247 1744 379 1817 Exteris
403 1744 560 1832 notitiam,
583 1767 684 1842 quem
705 1743 892 1831 memoravi,
915 1742 1049 1816 dederat
1066 1743 1261 1841 Conspectus,

127 1869 292 1966 insignem
317 1894 337 1942 a
362 1867 474 1943 multis
500 1865 576 1942 inde
605 1866 698 1938 annis
727 1864 833 1941 locum
860 1870 944 1939 tuita·
967 1879 1053 1953 erat,
1084 1880 1118 1938 et
1146 1879 1183 1938 ut
1205 1866 1262 1938 diu

128 2005 262 2068 tueatur
283 2005 468 2065 nostrarum
490 1990 687 2062 Litterarum
713 1988 744 2058 in
768 1987 907 2060 salutem
935 2003 1097 2086 optamus,
1118 1989 1262 2085 Hupuuu

124 2139 190 2212 pro·
210 2113 409 2208 defendendi
437 2113 601 2210 Relipione
629 2111 978 2185 christianissimus.
1030 2113 1137 2208 Hujus
1160 2113 1263 2210 ipsius

128 2236 415 2325 Moderatoribus,
442 2236 496 2309 hle
521 2237 617 2310 ctiam
644 2235 774 2309 Per-renti
799 2234 976 2323 suffectus,
997 2234 1133 2332 Collega
1153 2250 1263 2308 noster

128 2359 186 2433 tiu
210 2360 277 2456 jam
304 2358 421 2432 Sosius
442 2358 628 2458 adscriptus
648 2372 811 2433 manserat
833 2357 1016 2454 intelligens
1034 2383 1076 2431 ao·
1090 2373 1262 2447 strenuus,

133 2480 191 2559 ubi
227 2480 346 2553 laetum
373 2479 530 2554 Sodalitio
560 2494 689 2579 tempus
712 2480 839 2566 illuxit,
862 2506 932 2579 quo
955 2481 1262 2580 quinquagesimum

131 2630 229 2679 suum
261 2604 432 2677 celebrare
454 2603 572 2677 licebat
597 2605 716 2681 testum
743 2602 1010 2679 anniuersarium.
1061 2607 1136 2692 Qua
1166 2607 1264 2703 igitur

130 2727 377 2826 opportunitate
400 2727 563 2826 sapienter
588 2753 669 2801 usus
690 2727 845 2813 Amicus,
871 2727 961 2801 haud
984 2728 1190 2802 mediocriter
1212 2730 1263 2819 id,

130 2875 196 2950 quo
220 2874 323 2947 quum
347 2849 486 2921 maxime
514 2850 724 2947 fungebatur,
742 2850 906 2925 Praesidio
930 2876 1050 2925 munus
1074 2851 1264 2942 illustrauit,

131 2972 257 3047 solenni
292 2973 404 3045 habitu
437 2975 548 3073 Hagae
578 2973 740 3051 Comitum
767 2975 930 3066 oratione,
959 3000 1057 3074 quam
1086 2975 1265 3047 historicum

132 3095 354 3194 significanter
386 3095 562 3194 appellavit
598 3122 636 3170 ae
670 3098 844 3172 verissime.
897 3099 1027 3171 Etenim
1061 3101 1266 3196 prupmaticct

133 3221 228 3319 plane
255 3219 379 3292 ratione
407 3245 447 3292 ex
472 3234 677 3318 temporum,
701 3222 826 3320 quihus
846 3234 922 3295 nata
954 3234 1023 3294 erat
1053 3221 1198 3294 Societas
1227 3246 1266 3294 ao

132 3357 352 3430 succreverat,
372 3343 641 3419 conversionibus
659 3344 845 3419 immutatos
863 3343 1107 3443 quodammodo
1122 3350 1195 3440 ejus
1212 3371 1267 3418 ex·

134 3470 232 3568 plicat
256 3483 452 3541 conatusne
479 3468 581 3566 magis
606 3469 775 3567 magisque
797 3493 1001 3567 progressam
1028 3466 1264 3540 liberalitatem.

134 3594 244 3693 Atque
273 3593 354 3665 haec
374 3593 487 3677 oratio,
508 3592 629 3664 multos
646 3604 741 3662 nacta
762 3588 910 3663 doctrina
927 3589 1175 3689 conspicuusne
1194 3589 1267 3686 dig-

135 3717 236 3790 nitate
261 3715 457 3805 Auditores,
479 3730 511 3788 et
533 3741 646 3789 eorum
666 3713 820 3786 continuo
843 3713 986 3785 calculos
1007 3712 1090 3800 tulit,
1114 3726 1155 3801 et,
1175 3712 1266 3785 brevi

137 3855 209 3938 post
236 3839 324 3938 typis
344 3838 518 3936 evulgata,
542 3852 579 3912 ut
599 3840 723 3938 quique
747 3836 1026 3932 intelligentissimi
1053 3850 1144 3908 erant
1164 3835 1268 3908 lecto-

135 3995 334 4007 fi-——u—-a--n-

172 4091 219 4162 (1)
240 4089 322 4146 Prior
348 4089 476 4161 proditus
502 4095 596 4144 exstet
624 4087 774 4156 Conspectus
800 4084 828 4139 in
855 4102 902 4156 op.
926 4091 1085 4139 menstruo:
1112 4085 1218 4140 Studien
1239 4105 1267 4141 u.

138 4191 209 4245 Krit.
234 4189 292 4245 Vol.
313 4189 355 4244 II.
379 4194 468 4257 1829,
487 4207 515 4260 p.
538 4192 696 4242 0³9-664.
737 4184 818 4240 Alter
837 4184 929 4239 ibidem
950 4182 1015 4239 Vol.
1036 4183 1106 4239 VII.
1134 4188 1215 4250 1834,
1237 4203 1270 4255 p.⁴

138 4295 297 4347 cos-tun.
337 4289 431 4360 Atque
451 4288 512 4355 hic,
532 4287 715 4344 Nostrutibus
734 4286 818 4341 etiam
835 4285 880 4340 vel
897 4285 933 4341 ad
949 4285 1171 4356 cognoscendum
1192 4283 1268 4338 utilis

137 4392 181 4447 cel
191 4393 227 4446 ad
237 4391 449 4457 recordandum,
465 4387 658 4460 breviorejam
672 4385 824 4460 pruemIsso
834 4386 954 4456 Introitu‚
966 4383 1105 4459 repositus
1121 4390 1173 4453 cst,
1187 4382 1266 4437 Arcti.

137 4489 201 4546 Vol.
222 4489 260 4546 V.
282 4509 310 4562 p.
334 4495 493 4545 att-sou.
