2782 4958
128 356 192 419 132
513 373 553 417 nr
577 372 678 418 turra
699 372 865 418 nrrorcms

127 541 191 607 lnm
215 539 274 605 sibi
297 538 469 617 collocavit3
492 543 523 603 et
545 539 613 604 aliis
635 539 782 605 honorum
804 541 904 606 titulis
926 550 1060 624 ornatus,
1087 548 1119 610 et
1136 546 1263 631 primo·

128 658 196 721 sius
214 653 318 720 Auloc
344 651 545 720 Coccicnotcr
560 653 774 741 Sasoaiocqaa
794 656 914 742 Rapio
942 656 1080 722 Consiliis
1107 658 1263 724 ecclesias·

128 771 197 835 ticio
217 792 254 835 ao
273 769 538 836 consistorialibos.
588 771 626 835 In
650 771 843 835 feracissimis
865 771 971 855 procul
994 772 1087 837 dnbio
1108 773 1162 837 hic
1185 795 1261 839 ceu·

127 885 238 950 sendus
267 890 314 949 est
344 890 464 949 nostras
495 886 603 950 aetatis
632 890 811 971 nostraeque
842 886 1019 971 disciplinae
1045 887 1259 972 scriptoribus.

128 999 177 1066 Ab
200 1001 265 1085 ipso
287 1001 366 1064 enim
391 1000 472 1064 edita
495 1001 588 1065 multa
611 1005 730 1065 exstant
752 1002 829 1066 varii
860 1003 981 1087 generis
1010 1022 1101 1087 opera
1130 1003 1262 1088 majora,

125 1121 193 1180 tum
215 1114 337 1199 plurimi
362 1116 487 1179 minoris
508 1116 620 1190 formae
642 1114 737 1179 libelli
760 1118 850 1200 atque
873 1117 1025 1180 orationes
1039 1139 1153 1183 sacrae.
1199 1118 1263 1184 Go-

125 1232 240 1315 piosam
263 1228 321 1302 illi,
340 1229 432 1292 immo
444 1228 703 1314 polyhistoricom,
728 1228 865 1292 nonnulli
893 1228 1086 1295 tribuendam
1112 1234 1264 1316 putarunt

49 1318 55 1329 '
126 1344 303 1408 doctrinam.
358 1341 430 1414 Qua
461 1342 584 1426 quidem
619 1341 656 1405 de
686 1340 774 1405 lande
806 1341 884 1406 nihil
917 1344 1056 1427 equidem
1090 1344 1264 1410 detractum

126 1457 206 1522 volo.
254 1457 313 1521 Sed
344 1455 508 1540 optandum
540 1477 610 1520 sane
641 1456 682 1518 sit
703 1460 740 1519 ut
764 1457 861 1541 magis
890 1455 948 1520 sibi
974 1458 1175 1540 constitisset,
1206 1480 1264 1523 nec

125 1572 301 1656 opinionum
325 1570 480 1648 varietate,
507 1568 665 1635 arundinis
681 1571 788 1646 instar,
806 1570 985 1635 fluctuasset
1007 1575 1093 1636 tanti
1115 1573 1177 1637 Vir
1192 1574 1263 1659 dig·

125 1686 220 1748 nitate
251 1686 377 1748 externi
406 1685 556 1766 tantisque
586 1684 702 1769 ingenii
732 1682 821 1748 bonis
855 1685 982 1749 internis
1020 1686 1172 1750 excellens
1194 1689 1209 1773 (
1234 1688 1260 1774 ).

124 1798 181 1863 Uti
205 1799 284 1862 enim
308 1819 395 1882 saepe
418 1799 497 1862 vitae
519 1798 663 1861 stationes
687 1800 817 1861 mutavit
839 1820 873 1862 ac
896 1799 1061 1877 domicilia
1096 1802 1141 1864 sic
1172 1802 1263 1866 modo

126 1915 160 1978 in
183 1913 318 1978 dextram
342 1934 373 1975 se
397 1913 548 1976 convertit
570 1918 622 1976 aut
652 1917 733 1975 certe
755 1912 913 1977 inclinavit
935 1913 1160 2000 Theologorum
1192 1937 1265 1980 con·

127 2029 306 2093 certantium
329 2027 435 2106 aciem,
462 2025 550 2089 modo
573 2027 605 2089 in
628 2026 791 2089 sinistram.
841 2025 936 2111 Cujus
953 2026 1175 2094 inconstantiae
1197 2029 1262 2094 cul·

125 2165 192 2228 pam
216 2141 266 2207 alii
290 2143 321 2205 in
345 2142 559 2234 nescioquam
583 2140 676 2203 animi
699 2139 905 2205 infirmitatem
928 2141 1136 2225 conjecerunt,
1162 2143 1214 2208 alii
1230 2145 1262 2208 in

126 2245 242 2321 mutata
265 2261 433 2344 temporum
457 2254 600 2338 adjuncta
623 2255 826 2338 rationesque.
875 2253 1031 2339 Quicquid
1054 2256 1105 2336 sit,
1138 2259 1258 2343 primis,

127 2369 329 2457 quibuscum
353 2369 471 2432 Dresda
494 2367 630 2446 habebat,
656 2369 754 2444 annis,
791 2367 896 2433 multis
918 2366 1138 2433 admirantibus
1162 2391 1199 2434 cx
1223 2375 1261 2438 ai-

127 2486 244 2558 eirins,
278 2482 331 2548 ubi
354 2481 451 2546 adbuc
477 2488 639 2563 meruerat,
674 2482 779 2546 castris
811 2483 844 2545 in
875 2482 997 2546 adversa
1028 2484 1137 2548 &atro
1168 2506 1262 2570 eaque

128 2604 261 2664 extrema
292 2596 393 2661 subito
424 2617 455 2658 se
487 2597 634 2680 recepisse
668 2594 838 2660 videbatur.
886 2595 964 2660 Cum
998 2599 1193 2681 praesertim,
1230 2622 1259 2663 a.

130 2716 229 2786 1817,
255 2710 392 2774 libellum
415 2709 570 2788 edidisset,
606 2710 771 2775 multorum
803 2715 867 2774 tum
902 2710 1016 2774 animos
1039 2711 1260 2793 advertentem,

128 2824 319 2911 qu0⁸Sccnlo
342 2825 400 2889 fide
423 2824 544 2888 infirmo
567 2845 696 2888 amaram
718 2846 735 2887 a
757 2845 821 2888 sese
839 2829 970 2908 paratam
994 2845 1059 2888 esse
1081 2825 1262 2891 medicinam

127 2938 333 3025 profitebatur.
380 2937 443 3002 Hic
470 2938 549 3001 euim
575 2937 605 3001 id
635 2938 699 3022 egit
722 2942 757 3000 ut
783 2937 948 3001 notissimis
971 2937 1049 3014 illis,
1076 2960 1092 3002 a
1115 2938 1263 3005 Clauso

127 3054 244 3120 Harm
254 3056 312 3118 sio
334 3074 430 3139 nuper
445 3050 618 3137 publicatis,
648 3051 790 3118 Tlesibus
805 3051 938 3116 studiose
953 3053 1195 3137 patrocinaretur
1203 3056 1263 3142 (2).

139 3223 290 3235 Μ

165 3344 202 3409 (l)
219 3343 262 3394 Ad
279 3344 356 3395 linem
373 3349 493 3407 vergente
511 3343 664 3404 a.18³5,id
682 3341 773 3405 agebat
791 3339 973 3397 Ammonos,
992 3344 1030 3399 ut,
1048 3339 1194 3391 consociati
1204 3356 1266 3394 cum

128 3434 402 3488 Bretscbneidero
420 3433 606 3498 Riibiioque
629 3434 716 3498 opert,
737 3431 893 3494 singularem
910 3429 1023 3493 aliquam
1040 3429 1162 3481 conderet
1178 3430 1267 3497 repne-

130 3529 235 3588 mcrida,
256 3528 297 3578 cni
316 3524 484 3585 Berolinismi,
503 3540 577 3590 quam
597 3524 765 3588 ignominiose
782 3522 944 3579 dictitabant,
968 3536 1027 3570 oum
1051 3521 1183 3572 crassioris
1208 3531 1265 3575 tum

130 3618 281 3679 subtilioris,
300 3617 429 3682 proposita
447 3622 512 3666 esset
530 3613 678 3665 confutatio.
694 3681 696 3684 Ι
714 3614 778 3664 Rem
795 3614 870 3678 plane
888 3615 1010 3678 approbat
1027 3613 1178 3664 Rbhrius.
1214 3615 1267 3668 Sed

130 3722 176 3772 per
200 3707 323 3758 Auctoris
353 3707 549 3757 inconstantiam
583 3720 616 3756 ne
650 3707 751 3756 irritum
776 3707 821 3756 fiat
850 3707 985 3756 consitium
1011 3721 1066 3757 sese
1091 3707 1198 3768 umere,
1234 3714 1267 3762 ad

130 3799 437 3849 Bretschnaiderum
456 3799 596 3863 perscribit.
633 3798 694 3848 Vid·
706 3797 1029 3864 hujussSalbstbioprapis's,
1048 3814 1065 3863 p
1088 3802 1146 3849 275.
1166 3800 1268 3853 Amicis

41 3879 43 3882 Α
131 3892 210 3955 igitur
228 3891 249 3941 si
267 3891 328 3940 fides
345 3896 391 3950 est,
411 3905 490 3941 senex
508 3906 560 3941 non
577 3891 666 3955 magis,
686 3906 762 3955 quam
776 3890 888 3954 juvenis,
908 3891 954 3940 sibi
968 3893 1131 3941 constitit-
1149 3890 1268 3946 Jsscia's·

131 3999 192 4033 mom
208 3983 371 4042 invidiosius,
398 3999 475 4048 quarn
501 3984 600 4044 verius,
626 3984 650 4034 ei
674 3983 995 4034 Schleiermachsrus
1017 3983 1125 4047 objecit,
1152 3999 1267 4049 quocum

131 4076 273 4129 Harmsii
288 4074 384 4136 Tana,
403 4079 434 4127 de
451 4076 543 4141 quibus
560 4091 630 4136 mox,
646 4084 671 4126 et
683 4075 776 4126 Curiae
788 4076 960 4126 Berolinensis
977 4075 1081 4141 Apsoda
1095 4078 1267 4130 ecclesiastica

132 4172 159 4220 in
184 4178 312 4221 certarnen
338 4169 412 4221 illum
435 4169 623 4220 commiserant.
658 4168 720 4218 Vid.
747 4169 825 4233 prior,
851 4183 927 4232 quam
949 4171 1110 4233 postmodum
1134 4169 1268 4222 laudaturi

133 4277 230 4322 sumus,
248 4263 279 4311 de
297 4260 393 4312 Amm.
411 4261 513 4312 libellus
528 4262 564 4325 (v.
582 4261 617 4310 A.
636 4260 696 4309 naci
710 4259 798 4320 Lebsn,
818 4259 881 4310 Ans.
898 4277 922 4310 a.
942 4259 1049 4324 Wirlsen)
1067 4277 1092 4326 p.
1112 4266 1151 4311 12.

168 4354 204 4417 tt)
222 4354 359 4404 Lutbers
379 4351 469 4404 l'lescn
489 4355 530 4404 mit
551 4358 582 4405 95
606 4351 697 4403 andorn
721 4351 845 4429 bcplcs'tctp
867 4356 940 4404 1817.
974 4352 1110 4418 Repositis
1131 4361 1193 4405 sunt
1217 4354 1266 4404 has

136 4445 223 4498 Tisscs
244 4447 270 4498 in
288 4447 368 4498 librot
394 4446 651 4513 Lmonsbcmircitonp
668 4463 710 4497 oon
727 4447 772 4498 Di.
791 4444 836 4498 Cl.
863 4447 987 4511 Harma,
1008 4448 1131 4513 vccrfiasset
1152 4463 1196 4499 cca
1218 4447 1266 4498 s'lsss
