2782 4958
217 313 256 378 ld
706 334 857 379 aanuarro

217 502 366 597 quamvis
405 500 557 573 meditate
590 514 765 600 scriptum,
803 501 922 599 publici
955 502 1037 599 juris
1069 501 1246 576 laciendum
1273 532 1316 578 nm

217 622 343 720 putavit
367 624 451 720 a'psm
473 623 552 723 quid
573 624 625 696 alii
647 625 687 698 de
708 651 748 698 eo
773 625 917 698 lacerent
938 639 996 697 aut
1021 626 1145 699 licitum
1168 627 1227 699 sibi
1247 641 1319 725 puta·

216 761 288 817 rent
309 772 374 818 non
399 747 538 821 multum
564 772 692 821 curans.

264 997 333 1068 Nec
358 1019 436 1067 vero
453 993 669 1066 Meerlaerlu‘oa
688 993 812 1082 solum,
835 1000 984 1092 quamvis
1002 994 1135 1082 dilecto,
1154 995 1258 1067 coetui
1277 993 1321 1066 sibi

215 1116 477 1217 prospiciendum
505 1143 576 1190 esse
598 1117 724 1215 putavit
751 1119 808 1191 Vir
832 1118 1080 1202 solertissimus,
1103 1117 1161 1191 sed
1179 1118 1321 1192 Ecclesiae

212 1243 337 1339 patriae
357 1241 512 1340 temporis
533 1242 582 1314 sui
601 1241 850 1340 studiorumque
868 1242 996 1313 lructus
1016 1241 1162 1314 modeste
1182 1267 1251 1314 esse
1266 1241 1321 1314 olle

214 1364 341 1437 rendcs.
369 1367 418 1438 Ne
441 1365 525 1436 enim
544 1363 585 1437 de
607 1372 671 1438 una
689 1366 857 1464 alteraque
880 1366 1003 1454 dicam,
1028 1390 1112 1463 quas
1132 1366 1213 1438 haec
1228 1363 1320 1437 extulit

215 1487 302 1559 illius
327 1487 441 1574 statio,
471 1486 750 1585 disputatiuncula
772 1489 936 1586 exegetica
961 1489 1030 1586 (ης
1057 1515 1121 1561 non
1148 1488 1319 1560 mediocrem

216 1611 345 1684 llorenti
369 1615 433 1711 jam
461 1639 549 1686 nunc
573 1615 643 1710 ejus
672 1613 793 1684 nomini
819 1612 925 1684 laudis
962 1612 1180 1685 accessionem
1212 1610 1320 1684 uberior

212 1737 338 1834 peperit
356 1737 584 1809 commentatio
601 1737 639 1807 de
653 1736 797 1807 Danielis
809 1734 901 1806 Libri
917 1736 1042 1832 inperio
1060 1760 1097 1807 oc
1110 1735 1228 1832 pretim
1243 1755 1319 1832 quan

212 1838 312 1931 aureo
344 1886 405 1932 suo
441 1861 583 1958 praemio
625 1858 754 1958 dignam
793 1884 865 1931 esse
898 1873 1098 1930 censuerunt
1137 1857 1268 1955 suisque
1298 1853 1320 1924 in

212 1982 367 2080 operibus
396 1982 575 2055 honorifice
605 1982 762 2055 edendam
788 1983 950 2054 Socictuta's
972 1983 1130 2078 Huquuue
1151 2005 1213 2076 pro
1233 1979 1321 2074 defeu-
1382 2036 1385 2067 Ξ

210 2104 314 2178 dandal
344 2105 463 2177 Christi
488 2106 638 2203 calipiorte
666 2105 877 2177 Mcdcrutcres
904 2105 965 2202 (2)
1010 2106 1090 2174 Esto
1122 2102 1225 2190 enim,
1252 2094 1321 2199 quod

211 2255 317 2327 nuper
349 2229 628 2302 Van-Gilsius
663 2229 805 2312 monuit,
841 2226 1027 2323 Theologus
1052 2223 1318 2297 Amstelodamen·

209 2353 253 2425 sis
285 2353 352 2451 (3),
386 2379 468 2452 quas
504 2352 723 2424 dubitationes
759 2350 845 2423 illius
880 2349 970 2420 Libri
1006 2348 1105 2421 habet
1138 2347 1248 2445 origo,
1280 2367 1320 2416 eas

209 2474 507 2573 Royaardsium
547 2502 611 2548 non
647 2475 749 2572 magis
782 2473 907 2546 diluere
940 2471 1103 2570 potuisse,
1133 2496 1252 2568 quam,
1280 2462 1320 2566 qui

209 2612 323 2697 postea
358 2600 573 2698 scripserunt,
615 2597 930 2671 Havernictium
971 2611 1003 2668 et
1033 2594 1320 2691 Hengsteuber·

209 2721 327 2818 gium.
372 2723 417 2792 At
443 2722 553 2794 nullus
577 2722 691 2794 harum
721 2746 830 2794 rerum
852 2745 978 2818 aequus
1002 2716 1123 2788 arbiter
1144 2730 1247 2787 etue
1269 2715 1325 2811 ipse

208 2842 358 2941 quidem,
386 2845 480 2941 cujus
511 2845 623 2917 merita
648 2846 754 2942 magni
778 2843 873 2932 laci0,
894 2842 953 2915 Vir
976 2839 1192 2926 clarissimus,
1223 2839 1254 2909 in
1280 2836 1326 2918 iis,

208 2990 311 3063 quae,
331 2980 406 3040 ante
424 2967 506 3040 hacc
530 2982 653 3066 septem
676 2968 794 3056 lustra,
817 2992 836 3038 a
856 2969 980 3039 luveoe
1000 2964 1165 3061 disputata
1184 2962 1331 3058 legimus,

208 3115 246 3161 ea
268 3090 428 3189 requiret,
457 3117 541 3191 quae
571 3091 746 3164 hodiernae
771 3091 848 3162 huic
880 3088 1018 3161 Criticae
1040 3088 1158 3157 Sacrae
1179 3085 1249 3158 sive
1273 3072 1337 3156 tuci

207 3236 265 3282 seu
296 3211 516 3310 qualicunque
542 3212 717 3285 conditioni
744 3213 839 3309 plane
860 3213 924 3282 sint
942 3208 1103 3308 adaptata.
1144 3209 1180 3280 ld
1213 3229 1341 3282 unum,

206 3359 247 3406 ne
275 3333 419 3406 deluncti
449 3335 600 3432 Collegae
625 3337 714 3431 justo
748 3332 891 3405 desimus
927 3331 1061 3416 honori,
1095 3331 1274 3403 lectoribus
1304 3325 1348 3395 in

208 3457 394 3530 memoriam
421 3482 573 3530 revocare
597 3459 705 3554 juvat,
730 3482 801 3545 eos,
824 3456 879 3555 qui
906 3470 984 3527 tunc
1009 3455 1059 3528 vel
1080 3454 1239 3552 optimum
1265 3444 1352 3528 suf‘

207 3581 299 3678 fragli
327 3583 381 3677 jus
417 3581 538 3653 habere
577 3582 788 3678 putabantur,
826 3582 986 3653 Censores
1025 3579 1354 3653 commentationem

205 3728 306 3802 quum
329 3704 371 3775 ab
394 3704 546 3776 historiae
566 3729 679 3776 sacrae
699 3719 895 3801 exterasque
915 3704 1116 3800 cognitione,
1143 3718 1213 3777 turn
1234 3731 1253 3778 a
1273 3694 1357 3779 cri·

206 3883 361 3894 ..---..

241 3979 287 4048 (1)
306 3977 373 4030 vid.
395 3978 559 4050 scriptorum
579 3978 617 4031 H.
636 3978 667 4033 J.
688 3977 724 4032 R.
746 3977 840 4045 index,
862 3980 935 4049 apud
956 3978 1131 4046 Kistium,
1152 3979 1205 4034 l.l.
1218 3998 1248 4052 p.
1266 3977 1358 4035 acss·

241 4079 286 4149 (2)
306 4076 383 4130 Libri
402 4077 468 4130 haec
490 4076 639 4148 inscriptio
657 4085 699 4131 est
719 4077 884 4131 vernacula:
907 4079 1002 4132 Procae
1021 4096 1078 4131 over
1095 4082 1143 4132 den
1159 4089 1228 4148 qaest
1248 4099 1279 4135 cn
1293 4066 1360 4133 het

204 4174 292 4244 beloup
310 4192 361 4228 vau
382 4176 421 4228 let
438 4175 510 4228 Bcalc
528 4176 634 4229 Daniel.
666 4176 736 4231 Eece
753 4177 863 4247 baj'clrupc
881 4186 916 4230 tot
933 4179 1095 4247 bomlloaa'azp
1114 4195 1163 4231 von
1181 4183 1212 4235 de
1231 4199 1274 4235 aer
1288 4177 1357 4235 ‹Ie-5

203 4275 313 4344 Brj'bels;
333 4275 434 4343 Hacque,
458 4280 539 4328 1822.
562 4275 610 4344 (In
630 4278 701 4328 raonis
720 4276 796 4329 laud.
819 4277 882 4330 Soc.
907 4277 973 4345 Opp.
995 4278 1075 4329 ada.
1100 4281 1197 4348 1821).=

240 4375 288 4443 (3)
307 4373 373 4426 Vid.
395 4374 462 4444 Basta.
481 4375 630 4428 lllcurrlcaab.
652 4394 711 4428 auor
727 4378 766 4430 tea
781 4377 865 4429 Christ
887 4378 970 4444 pasin,
986 4378 1130 4445 ua'tpeyaucrt
1145 4380 1208 4430 aleca·
1221 4377 1315 4432 Vcth
1334 4402 1345 4429 υ

201 4472 290 4527 Moll
310 4492 339 4526 en
360 4473 507 4526 Domcla
529 4473 788 4529 Nicuwcnhuis
810 4476 905 4544 (alinea.
932 4482 1000 4528 1852
1024 4479 1112 4546 sqq),
1136 4495 1161 4528 ν.
1185 4472 1338 4532 Daniel·
