2782 4958
152 360 217 426 Μ
595 379 636 423 na
659 377 739 423 nmo.
764 378 831 423 aar.

135 548 231 614 uideri
263 547 368 633 possit.
427 549 655 628 Verumtamen,
689 547 772 630 quod
807 549 839 613 in
874 547 985 634 vulgus
1018 552 1128 614 notum
1158 553 1214 632 est,
1246 548 1275 614 id

142 663 277 749 profiteri
308 661 392 726 licet.
440 663 533 725 Nemo
566 662 649 725 enim
678 663 776 726 nescit
808 664 842 726 in
871 663 986 750 insigni
1020 662 1075 728 illo
1105 665 1276 729 Germanica

138 782 250 860 tractu,
274 778 328 861 qui
350 777 478 860 antiquo
509 777 632 840 nomine
666 776 864 842 Fulminatus
885 777 970 842 audit
992 777 1170 856 Rhenanus,
1206 800 1275 863 per·

140 892 253 958 multos
275 913 338 956 esse
361 891 595 956 Protestantinm
619 895 734 966 coetus,
759 890 839 976 apud
869 911 946 974 quos
967 912 1050 956 sacra
1072 892 1136 956 Viri
1169 892 1274 956 faciant

139 1006 314 1085 venerandi,
339 1005 393 1089 qni
416 1005 519 1068 nostre
541 1001 599 1067 lrtc
620 1003 654 1066 in
677 1003 836 1068 Academit
856 1005 965 1070 studiis
987 1026 1110 1090 operam
1141 1005 1273 1070 dederint

136 1119 329 1205 theologicis.
378 1119 512 1194 Quorum
535 1117 632 1204 igitur
654 1115 712 1182 filii
734 1138 769 1182 ao
792 1125 928 1203 nepotes,
954 1120 1008 1203 qui
1031 1118 1157 1184 eandem
1180 1118 1272 1183 adhuc

136 1238 289 1318 quaerunt*
308 1236 456 1298 Musarum
481 1230 596 1308 sedem,
618 1251 693 1294 num
717 1252 772 1316 per
798 1233 968 1310 invectum,
984 1233 1023 1296 iis
1045 1233 1202 1318 ignotum,
1218 1254 1272 1296 ser·

137 1370 256 1414 monem
278 1347 474 1413 vernaculum
501 1344 670 1411 deterrendi
696 1345 759 1410 sint
780 1352 834 1411 aut
856 1346 1012 1434 abigendi,
1042 1346 1270 1431 prudentiorum

137 1469 202 1531 esto
221 1463 385 1549 judicium.

181 1693 243 1756 Una
273 1689 349 1755 mihi
372 1690 462 1754 dictis
484 1689 650 1773 adjicienda
672 1694 783 1772 restat,
814 1690 846 1753 in
870 1691 931 1773 qud
957 1689 1112 1766 desinam,
1141 1689 1269 1753 animad-

136 1805 245 1870 versio.
294 1805 464 1890 Optandum
487 1825 557 1868 sane
581 1809 627 1868 est
648 1809 684 1869 ut
706 1802 865 1869 subtiliora
886 1805 1065 1869 nostratium
1080 1825 1173 1889 opera
1188 1802 1268 1868 thec-

134 1918 251 2006 logica,
276 1942 336 1985 non
359 1920 469 1984 iisdem
491 1918 627 2000 inclusa,
649 1917 763 2002 quibus
784 1917 889 2004 lingna
912 1924 1032 1995 nostra,
1057 1917 1217 1997 cancellis,
1235 1916 1268 1980 ad

134 2040 305 2100 exterorum
327 2035 416 2099 etiarn
438 2035 578 2099 notitiam
600 2032 799 2118 perferantur.
835 2033 920 2108 Quod
944 2054 1004 2096 non
1020 2033 1138 2096 Patriae
1152 2036 1266 2096 tantum

133 2170 202 2214 oum
225 2149 357 2226 honore,
382 2148 453 2231 sed,
478 2149 560 2231 quod
589 2148 679 2235 longe
702 2149 843 2235 gravius,
868 2169 968 2213 sacrae
990 2147 1169 2232 disciplinae
1200 2167 1264 2211 cam

134 2263 337 2330 emolumento
370 2271 416 2331 est
455 2264 666 2348 conjunctum.
714 2263 889 2347 Antiquiora
919 2262 998 2326 enim
1029 2283 1068 2325 ne
1100 2262 1261 2347 attingam,

133 2378 279 2463 proximis
305 2376 386 2442 bisce
409 2378 494 2442 annis
516 2399 578 2442 non
601 2398 726 2463 paucos,
756 2399 811 2442 neo
843 2399 914 2441 sane
936 2376 1086 2452 indoctos,
1124 2373 1263 2460 Theologi

134 2493 227 2558 nostri
257 2491 352 2557 libros
382 2492 543 2557 ediderunt
566 2514 600 2557 ac
629 2493 866 2578 disputationes,
894 2491 1004 2576 quibus
1034 2513 1083 2555 eas
1115 2493 1259 2570 maxime,

133 2627 209 2691 quae
232 2608 369 2672 omnium
391 2628 473 2672 nunc
498 2608 613 2672 animos
634 2605 847 2683 advertebant,
870 2606 1059 2691 quaestiones
1080 2604 1263 2670 illustrarent

133 2721 270 2801 criticas,
295 2722 482 2806 exegeticus,
514 2719 688 2803 historicas,
721 2720 915 2806 dogmaticas.
941 2702 1045 2795 'Quae
1067 2740 1140 2784 vero
1162 2739 1262 2783 eorum

133 2835 243 2920 scripta
280 2857 369 2919 qnam
407 2836 543 2918 diverat,
578 2857 634 2922 pro
666 2835 807 2921 linguae,
843 2838 905 2919 qut
938 2834 1115 2919 consignata
1146 2837 1259 2915 essent,

133 2947 324 3027 diversitate,
359 2955 437 3015 sorte
467 2972 518 3015 usa
545 2952 607 3015 sint
628 2949 763 3015 attendas
785 2947 887 3015 velim.
936 2948 1158 3013 Nederlondiee
1184 2948 1261 3011 eninr

123 3063 211 3128 edita
232 3064 392 3150 pleraque,
426 3065 561 3150 quamvis
586 3063 793 3151 praestabilia,
825 3064 877 3129 vir
910 3069 963 3128 ant
993 3084 1031 3126 ne
1054 3065 1106 3126 vix
1141 3061 1260 3145 quidem

133 3183 186 3244 aut
206 3201 291 3257 sero,
315 3182 342 3244 si
364 3181 458 3260 forte,
492 3180 603 3247 Vicinis
624 3181 734 3246 nostris
758 3181 969 3244 innotuerunt.
1018 3179 1130 3242 Contra
1152 3177 1262 3241 Latine

132 3295 261 3379 scripta,
294 3294 328 3358 in
357 3295 454 3378 iisqne
485 3317 519 3360 ea
549 3296 655 3373 etiam,
686 3296 739 3362 nbi
759 3296 926 3382 juvenilem
956 3296 1059 3382 potins
1084 3295 1262 3359 industriam

131 3405 286 3490 laudares,
319 3430 410 3492 qnam
432 3409 551 3475 virilem
573 3411 793 3493 eruditionem,
826 3411 862 3475 ad
890 3431 994 3475 eornm
1016 3413 1211 3494 conspectum
1231 3428 1262 3471 ac

132 3523 339 3608 cognitionem
364 3523 478 3609 perlata
501 3525 644 3590 vidimus.
693 3525 777 3592 Unde
807 3523 999 3590 Nederlandis
1021 3544 1097 3609 quae
1120 3521 1183 3588 sola
1205 3523 1262 3586 fere

131 3637 182 3702 via
206 3642 306 3722 pateat
332 3659 365 3702 ac
389 3638 481 3722 janua
515 3640 734 3725 comperimus,
761 3660 927 3725 perquam
960 3660 1017 3702 neo
1046 3637 1178 3722 tempori
1211 3655 1262 3698 suo

132 3751 263 3835 impares
285 3773 348 3815 sese
371 3773 449 3829 esse,
480 3757 510 3816 et
536 3773 607 3817 vero
635 3753 806 3818 studiorum
832 3759 1004 3818 nostrornm
1036 3754 1070 3815 in
1105 3769 1262 3816 commune

132 3863 247 3929 bonum
269 3870 359 3950 atque
384 3866 620 3932 emolumentum
643 3866 723 3933 haud
741 3869 973 3934 contemnendas
996 3866 1169 3931 conferendi
1186 3885 1263 3950 sym·

132 3978 214 4044 bolas
228 3979 398 4046 facultatem
413 3981 470 4046 sibi
494 4003 556 4045 esse
580 4002 613 4046 ac
636 3981 833 4061 voluntatem,
857 3984 961 4048 doctae
976 3982 1180 4048 demonstrare
1195 4004 1261 4066 pos-

132 4095 195 4160 sint
217 4096 363 4180 Europae.
411 4097 443 4160 ln
468 4096 622 4162 Academia
644 4101 743 4161 autem
766 4103 916 4162 versantes
938 4097 1143 4183 generosiores
1172 4096 1263 4160 Theo·

13 4269 16 4274 .
132 4208 229 4295 logias
263 4209 397 4287 alumni,
430 4232 491 4295 quo
525 4211 718 4285 interiorem,
747 4213 964 4297 praeeuntibus
997 4210 1261 4296 praeceptoribus,

131 4324 316 4389 eruditorum
343 4347 412 4390 cum
435 4348 570 4391 sermone
592 4327 821 4393 familiaritatem
845 4329 1069 4405 contraxerint,
1096 4349 1132 4391 eo
1158 4327 1263 4392 laetior

132 4459 200 4502 sane
230 4439 344 4504 Patriae
375 4447 493 4505 nostrae
515 4462 549 4506 ao
572 4441 746 4527 disciplinae
769 4465 837 4528 spes
865 4442 1022 4530 effulgebit
1054 4443 1118 4508 fore
1148 4447 1183 4507 ut
1209 4440 1262 4506 ali·
