2782 4958
544 361 584 404 nn
606 360 804 404 uoraannsro.
1199 339 1238 403 m

133 527 209 600 muita
231 539 451 627 praeteream,
478 527 542 601 hoc
569 553 671 601 unum
699 495 809 602 tamen
837 529 980 603 breviter
1005 542 1053 603 est
1078 531 1241 628 attingen-

132 648 197 725 dun.
242 654 330 726 Ante
355 652 417 725 hos
442 652 566 751 aliquot
588 677 690 725 annos
716 676 913 751 magnopore
937 651 1117 727 verendum
1139 652 1239 726 fuisse

132 777 269 866 novimus,
294 803 335 850 ne
358 777 393 865 ii,
417 802 557 877 quorum
582 780 682 875 opert
701 802 740 849 ac
758 777 892 849 consilio
914 775 955 849 ad
974 778 1092 874 sretms
1107 775 1241 849 alendos

130 920 213 994 epenos
234 900 337 973 utitur
364 900 526 990 Ecclesia,
552 902 688 973 Diaconi
707 901 839 974 Civitati
856 901 964 999 potius
981 900 1147 1000 hujusque
1173 901 1241 973 Ma·

128 1019 312 1116 gistratibus,
342 1049 441 1123 quam
469 1024 528 1112 illi,
556 1025 679 1098 servire
700 1038 911 1122 cogerentur,
937 1023 1086 1123 adeoque
1112 1047 1242 1096 sacrum

126 1167 217 1220 corum
247 1148 464 1221 Ministerium
497 1147 530 1219 in
561 1149 742 1219 Institutum
767 1147 980 1246 degeneraret
1012 1172 1050 1219 ac
1082 1146 1241 1246 deprime

125 1283 199 1343 retur
229 1271 401 1370 politicum.
459 1270 557 1358 Quod
581 1271 680 1369 igitur
712 1272 739 1343 si
764 1270 872 1344 adbuc
905 1270 1036 1370 quidem
1068 1269 1241 1368 depulsum

121 1405 159 1463 cst
184 1391 383 1488 periculum,
410 1394 532 1467 nuliius
557 1395 676 1492 magis,
702 1420 800 1493 quam
828 1394 934 1467 Amici
966 1393 1085 1482 nostri,
1112 1393 1243 1490 sapion-

118 1513 171 1588 tiae
194 1515 353 1589 debemus
377 1543 416 1591 ac
441 1518 643 1592 constantiae
668 1531 702 1592 et
722 1518 912 1591 fortitudini.
966 1519 1036 1589 Laoc
1063 1517 1147 1590 enim
1175 1516 1243 1589 sive

116 1638 293 1727 Ordinatio,
318 1644 385 1739 qua
406 1666 435 1714 a.
460 1641 553 1714 t8dd
579 1642 774 1730 constituta,
802 1654 868 1732 τῆς
886 1620 1099 1724 Διακοιιίας
1124 1665 1177 1712 res
1201 1640 1244 1711 ab

111 1762 177 1861 ipsa
210 1762 425 1838 moderandas
454 1790 524 1839 esse
553 1766 698 1838 Ecclesid
726 1768 863 1864 ejusque
895 1765 1042 1863 regimini
1079 1763 1245 1836 vindican-

109 1884 166 1959 das
185 1886 331 1960 decrevit
351 1887 519 1987 Synodus‚
547 1889 606 1961 etsi
633 1888 775 1987 plurium
800 1888 925 1961 collatis
949 1887 1091 1959 consiliis
1109 1888 1142 1958 in
1160 1911 1242 1976 eam,

108 2015 174 2108 qut
203 2035 293 2082 nunc
321 2025 384 2101 est,
415 2013 550 2086 sormam
583 2011 732 2097 redacta,
763 2013 940 2111 principem
971 2025 1080 2084 tamen
1111 2035 1149 2083 ao
1172 2010 1243 2108 pri-

107 2158 200 2207 mum
234 2134 326 2206 ilium
359 2135 475 2208 babuit
509 2149 686 2209 auctorem.
750 2138 840 2208 Haec
879 2160 956 2208 vero
995 2133 1164 2206 Ordinatio
1206 2146 1244 2205 ut

109 2257 200 2355 regit
220 2259 403 2331 sanciretur
424 2260 634 2348 auctoritate,
657 2284 760 2358 quum
782 2257 950 2356 aSynodo
973 2258 1029 2330 diu
1052 2269 1243 2355 exoptatum

109 2379 225 2453 [uisset
239 2406 277 2453 ac
290 2382 389 2455 semel
406 2383 591 2482 iterumque
603 2383 723 2455 frustra
736 2384 930 2480 expetitum;
949 2385 1042 2454 ecce!
1062 2381 1122 2453 suit
1135 2379 1244 2453 denuo

108 2504 421 2603 Royaardsius,
439 2507 511 2605 qui,
528 2533 557 2580 a.
581 2509 692 2595 tota,
715 2531 817 2604 quum
841 2506 979 2604 primum
1001 2505 1032 2577 id
1054 2504 1243 2603 permittere

108 2627 283 2702 ridebatur
302 2629 429 2701 Patriae
446 2654 555 2702 rerum
576 2630 757 2717 conversio,
778 2629 912 2728 Synodo
933 2628 1086 2702 suaderet
1108 2653 1146 2701 ac
1170 2652 1243 2725 per·

112 2750 278 2839 suaderet,
305 2764 357 2839 ut,
382 2751 473 2850 quod
497 2752 572 2824 olim
595 2751 775 2850 inceperat,
799 2763 971 2851 perageret
995 2778 1079 2850 opus
1094 2775 1243 2848 eamque,

114 2898 207 2976 quam
232 2888 307 2948 ante
325 2889 398 2948 octo
416 2900 520 2948 annos
540 2875 707 2973 probatrat,
728 2875 966 2948 ordinationem
982 2901 1043 2948 suo
1055 2877 1121 2972 jam
1139 2875 1246 2947 Marte

114 3013 268 3098 tanquam
297 2998 400 3096 legem
429 2999 653 3096 promulgaret
680 3000 940 3072 ecclesiasticam.
992 3000 1096 3096 Cujus
1120 2997 1245 3071 consilii

113 3121 200 3222 quod
223 3122 321 3195 modo
345 3136 440 3195 antea
463 3123 679 3218 firmitudinem
705 3122 924 3206 laudavimus,
951 3145 1046 3194 nemo
1071 3119 1165 3192 facile
1185 3144 1245 3192 nos

113 3246 231 3344 injuria
264 3246 378 3318 iecisse
409 3246 621 3331 existimabit,
653 3247 709 3344 qui
742 3247 831 3342 cnjus
859 3258 938 3317 tunc
967 3244 998 3314 in
1028 3242 1245 3316 Nederlandia

113 3369 317 3468 praevaleret
334 3370 511 3442 auctoritas
530 3371 720 3443 meminerit.
768 3372 883 3468 Neque
905 3368 937 3440 iu
958 3368 1010 3439 his
1035 3366 1246 3466 acquiescens

110 3493 167 3567 Vir
194 3507 350 3566 strenuus
374 3518 413 3565 ao
439 3505 608 3581 constans,
630 3492 715 3564 binis
740 3493 835 3564 ctiam
858 3491 952 3563 editis
969 3487 1246 3587 disputationibus

110 3641 211 3716 quam
233 3641 339 3715 acqua
360 3628 447 3688 esset
469 3629 502 3687 et
527 3640 624 3714 quam
648 3616 752 3712 justa,
779 3639 875 3712 quam
899 3612 1108 3700 defendebat,
1130 3613 1246 3684 Diaco-

110 3766 225 3813 noram
248 3764 366 3812 caussa
392 3738 624 3812 demonstravit
646 3739 708 3836 (t).

118 3913 276 3926 .....-.--...

115 4015 161 4064 32.
184 4016 231 4076 88,
252 4017 372 4083 atquae
392 4010 535 4065 Kistius
556 4011 583 4064 in
603 4028 647 4079 eo,
669 4011 801 4082 quodibi
821 4008 943 4077 laudavi,
960 4008 1086 4064 breviore
1099 4010 1134 4064 de
1148 4007 1244 4062 Amico

115 4108 354 4165 commentariolo.

152 4209 201 4280 (1)
222 4207 294 4262 Bina
307 4207 352 4260 btc
370 4208 548 4262 memoranda
561 4215 627 4262 aunt
642 4206 863 4280 Royanrdsii
880 4205 993 4278 scripta,
1010 4202 1044 4260 de
1056 4204 1138 4259 hecco
1151 4209 1248 4258 causet

117 4307 225 4378 publice
244 4306 331 4362 edita.
372 4304 497 4371 Quorum
517 4307 634 4362 alterum
653 4306 827 4362 inscribitur:
858 4305 900 4362 De
918 4312 1078 4375 concept-icet
1094 4311 1199 4358 coerect
1216 4305 1248 4359 de

118 4407 310 4476 oaderctenmr'nq
326 4423 376 4459 ven
396 4405 564 4476 bedoeftiyen,
584 4408 612 4460 in
630 4407 775 4475 betreklcinp
792 4414 826 4459 tot
843 4407 873 4460 de
891 4405 1053 4468 Diatonion,
1071 4403 1252 4473 bertreytelp'b

119 4505 277 4578 moneam
296 4505 371 4577 Troj.
391 4508 428 4562 aot
445 4505 498 4562 nt.
522 4511 604 4562 1846.
643 4507 786 4564 Alterum:
817 4506 859 4562 De
875 4505 1032 4562 Haemode
1051 4503 1199 4558 chkonit'n
1216 4519 1247 4558 en

1083 4600 1134 4667 5di·
