2782 4958
553 345 594 387 ns
616 344 812 389 novarensro.
1209 326 1248 389 77

116 505 160 577 blc
199 535 333 610 quoque
361 507 537 582 Heusdii
558 508 604 605 (at
628 509 741 607 quanti
766 507 832 581 Viri
846 508 866 607 l)
896 508 1090 606 discipulum
1108 533 1179 583 sese
1199 510 1254 583 de-

113 648 315 723 monstrans,
343 632 632 731 Royaardsius
658 631 799 704 nativam
821 631 962 731 aliquam
982 630 1108 704 dicendi
1131 633 1252 731 simpli-

114 748 246 829 eitatem
268 755 384 830 sectari
411 754 568 842 malebat,
594 779 679 851 quae
708 752 749 826 ad
776 755 860 826 vitae
888 756 1069 827 communis
1090 755 1252 829 familiari-

116 883 217 950 tatem
243 879 354 978 paullo
384 878 519 977 propius
549 875 720 950 accederet
746 903 784 949 ac
801 877 1041 975 negligentiam,
1064 905 1161 977 quam
1191 878 1251 952 ad-

121 999 262 1076 strictam
288 1002 357 1076 sive
378 1002 563 1090 conclusum,
590 1014 626 1072 ut
660 1012 778 1072 vocant
802 1000 949 1072 Britanni
978 1003 1039 1098 (l),
1072 1028 1250 1100 argumen-

125 1125 208 1198 tandi
234 1126 462 1200 severitatem?
512 1126 622 1209 Quum
658 1124 855 1222 praesertim,
876 1124 1036 1222 ingenuae
1062 1123 1147 1196 illius
1172 1125 1252 1196 sim·

128 1240 270 1336 plicitatis
294 1248 336 1321 de
361 1247 466 1346 gratia
491 1273 531 1320 ne
562 1247 641 1346 quid
671 1248 755 1320 forte
784 1247 970 1320 detraheret
997 1247 1092 1319 nimis
1122 1247 1250 1320 curiosa

127 1373 314 1471 scriptorum
338 1370 526 1445 retractatio
556 1381 735 1442 vereretur.
779 1369 867 1457 Quid
894 1370 1021 1442 multa?
1056 1371 1251 1444 Nonomnia

127 1513 294 1588 possumus
321 1521 443 1568 omnes.
498 1494 567 1566 Nec
593 1518 611 1564 a
637 1492 731 1565 lentis
756 1493 892 1591 ingeniis
915 1507 1132 1592 proventuum
1155 1493 1252 1566 uber·

125 1625 171 1689 tas
198 1614 394 1716 requirenda
423 1630 483 1706 est,
510 1641 569 1688 nec
595 1642 614 1688 a
641 1616 804 1689 celeribus
825 1642 872 1704 ea,
898 1642 983 1714 quae
1005 1643 1132 1690 omnem
1155 1617 1253 1690 cavil-

122 1735 204 1811 landi
232 1740 508 1838 opportunitatem
533 1739 694 1827 excludat,
722 1739 881 1812 dictorum
909 1739 1081 1814 absolutio.
1126 1740 1252 1827 Quodsi

120 1876 184 1936 tam
208 1863 415 1960 scrupulose,
443 1888 541 1962 quam
572 1888 636 1935 non
669 1862 763 1950 nulli,
800 1886 940 1961 quorum
973 1864 1047 1960 jure
1079 1863 1252 1936 laudamus

119 1985 332 2082 diligentiam,
357 1985 426 2058 Viri
455 1985 560 2075 docti,
592 1986 755 2084 singulas,
780 2012 862 2085 quas
886 1987 1073 2085 scripserat,
1100 1985 1251 2083 periodos

118 2135 285 2208 vocesque
311 2109 475 2182 rimandas
501 2110 563 2181 sibi
591 2123 718 2183 etcum
746 2109 929 2208 pulvisculo
951 2109 1160 2183 excutiendas
1184 2137 1251 2208 pu·

116 2237 233 2321 lasset,
263 2258 359 2332 quem
398 2232 562 2330 lugemus,
587 2233 737 2331 Collega,
770 2258 809 2305 ac
840 2258 938 2306 curae
974 2233 1060 2305 illius
1091 2234 1252 2306 anxietate

119 2355 261 2428 inhiberi
275 2381 391 2453 passus
411 2370 497 2428 esset
516 2381 553 2427 ac
567 2355 713 2444 detineri,
732 2381 798 2454 quo
813 2356 923 2454 rapide
937 2355 1111 2441 scribebat,
1130 2355 1250 2441 stilum;

120 2490 204 2578 quot
241 2476 454 2575 probabiliter
479 2477 575 2550 nobis
607 2476 783 2550 carendum
823 2477 935 2550 luisset
968 2478 1252 2575 praestantissimis

120 2603 193 2699 ejus
219 2600 513 2699 disputationibus!

171 2849 274 2921 Sicuti
299 2874 377 2921 suos
408 2849 548 2949 quisque
578 2840 861 2947 patiturmanes,
892 2852 935 2923 ita
964 2877 1049 2950 quae
1077 2852 1251 2925 fervidiora

120 2986 200 3047 sunt
222 2997 260 3044 ac
287 2972 528 3045 vehementiora
554 2972 682 3069 ingenia
704 2973 736 3044 in
763 2973 963 3046 iracundiam
990 3000 1055 3046 non
1076 3000 1150 3047 raro
1174 3001 1253 3073 pro-

121 3096 215 3168 niora
232 3094 532 3193 deprehenduntur,
552 3097 659 3169 acrius
684 3095 823 3168 subinde
840 3097 1065 3185 effervescunt,
1093 3123 1153 3169 nec
1170 3124 1253 3170 sem·

122 3245 182 3318 per
199 3221 277 3291 satis
293 3226 398 3318 aequd
419 3246 456 3292 ac
477 3221 603 3319 placida
624 3233 731 3294 mente
748 3219 884 3292 aliorum
909 3217 1126 3292 dissensiones
1142 3220 1253 3293 ferunt

123 3355 223 3441 atque
236 3342 444 3440 objectiones.
469 3347 591 3420 Verum
614 3345 665 3418 bis
690 3343 839 3444 quamvis
864 3342 1019 3440 gravibus
1041 3343 1161 3415 irarum
1179 3344 1254 3415 irri-

125 3465 291 3555 tamentis,
330 3465 452 3564 quibus
485 3468 593 3539 nativa
623 3493 696 3540 eum
731 3467 954 3541 stimulaverat
980 3466 1077 3538 animi
1109 3466 1252 3558 indoles,

125 3614 221 3688 quam
258 3589 393 3662 leliciter
423 3590 590 3678 resistere,
624 3616 723 3688 quam
757 3590 931 3664 efficaciter
964 3615 1076 3663 eorum
1112 3591 1253 3689 impetus

124 3711 299 3786 retundere
323 3739 361 3785 ac
390 3714 540 3812 frangere
564 3714 713 3786 didicerit
737 3714 795 3787 Vir
810 3715 963 3812 optimus,
979 3726 1046 3785 tota
1064 3712 1149 3786 illius
1163 3714 1253 3786 testis

126 3849 172 3908 est
197 3861 300 3934 quum
329 3837 460 3934 publica
481 3837 560 3926 vita,
590 3850 658 3909 tum
685 3837 821 3936 privata.
874 3840 967 3923 Quae
991 3837 1066 3909 licet
1083 3837 1115 3908 in
1136 3836 1253 3910 Eccle-

125 3961 189 4033 siae
201 3959 394 4060 Patriaeque
414 3973 561 4059 tempora
574 3960 748 4050 incidisset,
764 3960 939 4033 multarum
953 3958 1057 4032 litium
1077 3959 1254 4034 acerbitate

125 4109 284 4157 concussa
304 4109 342 4156 ac
360 4085 564 4174 conturbata,
589 4097 696 4157 tamen
722 4108 797 4158 cum
823 4083 952 4157 nemine
969 4107 1113 4181 unquam
1136 4107 1255 4182 aequa·

125 4207 204 4282 lium
228 4206 352 4280 acriore
376 4206 541 4281 contendit
561 4207 810 4282 concertatione.
856 4206 962 4298 Quid,
985 4205 1074 4305 quod
1097 4231 1138 4281 ne
1161 4206 1255 4280 loces-

119 4386 272 4402 ν-..ι--ι

162 4485 209 4560 (1)
230 4483 363 4558 Anglice=
384 4484 466 4540 closed
486 4483 630 4552 reosoor'np.
