2782 4958
558 356 598 398 nu
621 354 817 398 noraanusm.
1213 333 1254 396 45

118 549 179 597 nec
199 548 240 596 ea
262 521 358 594 nimis
377 519 507 593 inficeto
527 532 711 608 narrarent,
733 531 899 592 momento
921 517 1075 590 historico
1093 543 1132 590 ac
1150 518 1254 617 pretio

119 645 199 720 mibi
225 670 301 719 eum
327 644 423 742 plane
447 642 701 715 consentientem
726 640 911 714 audiebam.

166 771 294 841 Harum
316 782 424 840 autem
447 793 556 840 rerum
581 792 678 866 quam
701 766 827 864 peritus
847 766 969 839 arbiter
991 779 1090 852 esset,
1116 765 1166 838 vel
1186 766 1254 838 sola

118 893 198 966 satis
226 891 444 977 demonstrat,
472 916 569 990 quam
605 891 816 989 conscripsit,
842 890 916 963 Vita
950 888 1176 962 Guilielmi
1203 888 1253 960 ab

117 1015 381 1102 Eukevoirt,
409 1016 481 1114 qui,
507 1040 571 1087 non
594 1013 649 1086 diu
679 1028 752 1112 post
781 1013 882 1086 seculi
903 1016 981 1087 XVI
1003 1013 1147 1102 initium,
1170 1015 1253 1086 Car-

119 1141 237 1213 dinalis
256 1139 335 1227 luit,
354 1141 552 1212 Tortosanae
570 1165 608 1212 ac
626 1139 829 1236 Trajectinae
852 1137 1038 1212 dioeceseos
1058 1137 1253 1236 Episcopus,

120 1263 275 1363 idemque
300 1263 477 1336 Adriani
503 1266 566 1350 VI,
594 1262 759 1336 Pontificis
780 1262 923 1350 Maximi,
942 1289 1007 1335 non
1029 1263 1183 1334 Daturius
1203 1288 1255 1334 so·

119 1387 208 1476 lum,
232 1387 291 1460 sed
318 1386 451 1460 intimus
476 1388 612 1459 Amicus
640 1400 740 1486 atque
764 1385 824 1484 ipsi
846 1384 928 1459 adeo
959 1386 1115 1459 Carolo
1140 1387 1170 1458 V
1192 1388 1256 1457 lm-

120 1513 265 1610 peratori
295 1511 540 1609 acceptissimus
570 1510 709 1582 Aulicus
736 1509 798 1608 (t)
851 1511 945 1595 Quae
970 1535 1048 1583 saue
1079 1510 1167 1599 Vita,
1194 1510 1255 1582 nisi

120 1633 229 1707 omnia
254 1659 306 1707 me
332 1633 466 1722 lallunt,
484 1635 526 1705 ab
551 1632 606 1723 iis,
626 1631 748 1732 quibus
768 1630 926 1728 ejusmodi
945 1632 1141 1730 scriptorum
1164 1657 1256 1730 prae-

120 1757 242 1830 stantia
266 1769 437 1845 censetur,
463 1755 558 1828 valde
584 1752 746 1826 laudanda
770 1766 819 1826 est
845 1753 987 1828 dotibus.
1040 1754 1147 1826 Habet
1170 1755 1254 1826 euim

120 1906 232 1954 rerum
264 1879 332 1953 lere
366 1881 550 1977 ignotarum
581 1878 734 1950 subtilem
773 1875 1029 1974 indagationem,
1060 1878 1256 1951 narrationis

122 2001 389 2102 perspicuitatem
420 2017 519 2103 atque
550 2002 760 2099 elegantiam,
788 2014 857 2074 tum
885 2001 1009 2101 antiqui
1040 2002 1110 2074 aevi
1131 2003 1255 2075 Monu-

122 2140 307 2201 mentorum
339 2152 404 2198 non
437 2125 610 2198 editionem
641 2137 787 2211 tantum,
817 2149 904 2196 nunc
935 2125 1076 2223 primum
1109 2141 1254 2223 paratam

118 2249 228 2338 illam,
257 2248 327 2322 sed
367 2249 442 2322 item
478 2249 744 2337 illustrationem,
777 2275 817 2321 ex
846 2248 916 2321 aevi
953 2248 1038 2321 illius
1071 2249 1256 2345 cognitione

124 2371 287 2445 haustam.
331 2375 400 2446 Nec
426 2397 504 2444 vero
527 2372 633 2445 solum
654 2369 749 2444 nobis
773 2371 1035 2469 cognoscendum
1057 2372 1113 2444 dat
1129 2374 1256 2446 Auctor

125 2494 389 2569 Enkevoirti
401 2521 421 2567 u
432 2521 462 2567 m
489 2509 588 2594 atque
604 2494 795 2568 illustriores
813 2495 988 2570 nonnullos
1004 2499 1075 2594 ejus
1091 2495 1254 2595 aequales,

125 2617 184 2693 sed
218 2628 324 2719 ipsum
358 2619 472 2708 etiam,
499 2644 566 2718 quo
604 2617 754 2707 vivebat,
781 2632 911 2716 tempus
936 2644 1095 2719 eamque,
1125 2619 1157 2691 in
1190 2623 1257 2720 qud

126 2749 255 2819 summa
280 2757 350 2816 erat
375 2741 551 2840 dignitate,
578 2739 744 2814 Pontificis
769 2742 898 2814 Aulam.

174 2988 312 3065 Minoris
345 2988 415 3062 sine
440 2989 542 3063 dubio
573 2989 635 3064 luit
660 3014 797 3088 operae,
823 2989 866 3061 illi
899 2989 1102 3087 praesertim,
1134 2992 1190 3091 qui
1223 2992 1255 3062 iu

126 3114 215 3188 nulla
245 3140 310 3187 nou
339 3113 500 3187 Historiae
525 3127 618 3214 parte
643 3114 831 3203 habitabat,
854 3114 1026 3201 Virorum,
1055 3117 1166 3186 nostra
1195 3113 1257 3186 bac

125 3250 233 3310 aetate
261 3237 304 3310 de
327 3237 475 3310 Ecclesia
508 3238 557 3310 vel
589 3237 770 3336 Republica
793 3236 935 3309 litterata
960 3236 1010 3309 vel
1039 3236 1145 3308 Patria
1174 3235 1257 3310 bene

125 3361 316 3434 meritorum
338 3385 391 3433 res
413 3385 451 3433 ac
471 3360 536 3432 lata
559 3359 729 3434 commode
748 3385 786 3433 ac
811 3359 969 3433 concinne
994 3383 1135 3431 narrare.
1187 3360 1258 3432 Nec

126 3497 236 3558 tamen
260 3508 299 3556 ea
322 3509 342 3556 a
365 3509 530 3584 quoquam
550 3483 757 3581 negligantur
781 3484 876 3556 velim
900 3481 1138 3579 elegantissima
1154 3507 1257 3578 opus·

128 3608 220 3694 cula,
267 3608 388 3706 quibus
427 3605 610 3681 Heusdii
646 3607 719 3705 (2),
760 3605 1000 3679 Scbrdderi
1037 3605 1107 3704 (3),
1148 3607 1256 3704 Kop-

124 3737 275 3751 Μ

162 3811 210 3881 (1)
229 3808 297 3863 Vid.
318 3807 427 3862 Arabici
443 3805 509 3861 Vol.
520 3803 574 3873 IX,
596 3824 625 3878 p.
647 3810 807 3860 llo—232.
826 3836 862 3846 -
878 3804 1045 3874 Annotatio,
1062 3823 1091 3878 p.
1106 3811 1156 3860 186
1178 3822 1254 3878 sqq,

131 3908 306 3964 memorabile
332 3905 566 3961 Eukevoirtii
592 3913 763 3961 testamentum
782 3904 911 3977 reponit,
935 3922 991 3959 non
1018 3922 1035 3959 a
1063 3904 1147 3976 Roy.
1168 3904 1257 3960 solum

131 4005 312 4073 illustratum,
330 4007 465 4062 seditem
484 4008 520 4060 ab
532 4004 569 4059 A.
589 4004 621 4060 C.
640 4003 780 4073 Holtio‚
799 4003 951 4060 clarissimo
965 4004 1043 4060 Juris
1062 4004 1255 4060 Anteceeaore.

163 4110 210 4180 (2)
231 4107 386 4179 Utrumque
406 4107 440 4160 de
460 4103 616 4160 Heusdio
636 4104 790 4159 orationem
816 4121 900 4177 supra
918 4103 1042 4159 laudavi.
1081 4103 1173 4176 Adjioi
1192 4122 1258 4176 pos·

132 4215 193 4263 sunt
212 4224 294 4279 quac,
315 4204 447 4278 Magistri
462 4204 641 4277 ejusdemque
657 4203 748 4259 Amici
766 4203 873 4258 tumulo
893 4205 1017 4272 adstans,
1038 4203 1168 4259 flebiliter
1186 4202 1258 4258 dixit

133 4305 278 4377 multisque
293 4305 418 4375 priuatim
437 4302 628 4359 distribuenda
646 4302 763 4372 curavit,
784 4321 808 4358 s.
827 4310 849 4358 t.
870 4304 957 4358 Hnlde
971 4321 1023 4357 aaa
1041 4321 1070 4357 v.
1092 4303 1141 4372 Η.,
1163 4303 1260 4374 ὒῇκῇη

130 4406 196 4475 aras
208 4408 265 4461 lem
280 4405 431 4474 toeqebropt.
469 4404 543 4458 Door
560 4403 596 4458 A.
617 4422 646 4458 v.
668 4402 880 4459 Goudoever
898 4421 929 4459 cn
947 4403 981 4458 H.
1003 4403 1034 4458 J.
1055 4402 1090 4458 R.

166 4507 211 4578 (3)
231 4505 266 4560 In
294 4506 468 4560 Studiosorum
499 4503 651 4560 Colendom’o
679 4503 896 4575 Ramnenses.
926 4521 953 4560 a.
983 4508 1075 4573 1846,
1102 4521 1131 4577 p.
1155 4495 1259 4560 3268.
