2782 4958
227 358 290 422 100
714 377 869 424 araronnrr

226 545 333 608 sissent
355 543 460 608 decimi
481 546 574 609 serrati
597 546 766 611 Cironium.
805 546 902 612 Nolim
926 568 995 612 sane
1017 552 1065 623 ut,
1086 549 1269 631 quacunque
1290 547 1351 613 dau

226 662 405 725 occasione:
441 663 533 731 Quam
552 662 687 739 pulcrum
709 661 785 725 ioci
816 665 917 749 inepte
947 663 1051 728 lectori
1073 661 1250 739 acclament,
1276 687 1351 748 quau

224 776 349 840 sublime
379 776 484 840 iliud!
539 776 597 840 Sed
630 777 672 840 ita
707 776 827 841 demum
856 775 945 861 plene
975 798 1026 841 eos
1058 777 1158 841 officio
1194 777 1351 842 satisfacere

223 892 381 967 existimo,
413 891 440 954 si
468 891 677 973 exquisitiores
700 897 779 956 certa
803 891 991 977 Scriptorum
1015 893 1176 957 Sacrorum
1198 891 1351 977 elegantias

222 1024 283 1068 non
300 1004 398 1069 solum
420 1006 638 1089 quodammodo
658 1005 870 1092 intelligendas
890 1006 996 1072 lectori
1015 1007 1205 1092 impertiant,
1220 1005 1273 1070 sed
1288 1007 1350 1070 item

220 1119 393 1183 sentiendas
423 1125 511 1202 atque
544 1120 644 1183 animo
675 1119 869 1186 imbibendos.
897 1161 937 1172 —-
963 1124 1005 1186 dc
1034 1119 1099 1185 noli
1122 1120 1264 1185 dubitare
1286 1121 1349 1204 quin

221 1234 341 1309 altiore,
367 1255 456 1316 quarn
479 1238 588 1297 vocant
609 1232 758 1317 aequales,
783 1257 852 1299 cnm
878 1236 1007 1315 Oriticrt,
1036 1257 1112 1322 quae
1135 1233 1294 1300 Librorum
1313 1255 1348 1298 sa·

221 1367 341 1410 crorum
372 1346 408 1409 de
439 1347 556 1432 origine
586 1348 704 1429 quaerit
732 1352 763 1412 et
794 1348 993 1426 ductoribus,
1026 1354 1108 1414 arcte
1134 1348 1297 1433 conjuncta
1316 1349 1346 1413 sit

220 1461 381 1524 uestietioo
403 1459 477 1524 haec
499 1481 604 1525 eorum
626 1461 825 1527 consideratio
849 1468 938 1546 atque
962 1464 1122 1528 enarratio.
1170 1464 1258 1539 Quod
1278 1484 1344 1548 prae·

221 1575 298 1638 senti
321 1597 359 1638 ex
382 1596 412 1638 re
437 1575 527 1639 ducto
550 1574 699 1640 illustrare
718 1576 806 1660 jurat
828 1573 977 1660 exemplo.
1026 1577 1260 1654 Vaticiniorum,
1283 1597 1342 1661 quae

221 1689 344 1752 lessius
365 1687 460 1752 tribui
478 1687 588 1770 solent,
609 1711 670 1753 non
689 1689 786 1754 solum
806 1694 900 1754 totam
920 1695 1035 1775 partem
1054 1692 1264 1776 posteriorem,
1285 1692 1339 1775 cap.

221 1804 406 1884 xt-var,
431 1804 562 1888 spuriam
584 1802 673 1867 habet
695 1805 782 1886 cique
804 1802 881 1868 male
903 1807 1099 1890 suppositam,
1124 1804 1287 1890 plerosque
1305 1825 1339 1868 se·

220 1924 308 1983 cutus
330 1920 519 1994 recentiores,
538 1916 776 1994 linobelius3
798 1918 850 1983 sed
873 1918 946 1983 alios
968 1920 1058 1983 etiam
1081 1919 1197 2005 plures,
1222 1919 1339 2003 quiajos

221 2033 254 2096 in
277 2032 430 2098 volumine
453 2055 536 2098 nuno
559 2036 689 2107 exstant,
708 2031 790 2097 locos
812 2034 1004 2119 insigniores.
1042 2037 1075 2100 ln
1098 2033 1223 2118 quibua,
1241 2034 1294 2100 alia
1311 2054 1337 2097 ne

221 2169 403 2230 memorem,
432 2146 616 2212 nobilissima
646 2152 691 2211 est
714 2146 829 2212 Babelis
852 2148 889 2213 de
911 2149 1030 2213 excidio
1053 2151 1249 2227 vaticinatio,
1281 2151 1334 2234 Cap.
1381 2194 1383 2199 -

221 2263 292 2328 lllll.
314 2263 382 2326 xlv.
429 2263 492 2325 lam
515 2285 586 2326 vero
609 2261 686 2327 absit
708 2263 829 2346 quidem
852 2268 888 2327 ut
910 2265 947 2328 de
971 2265 1030 2329 Viri
1057 2265 1237 2342 clarissimi,
1268 2268 1336 2349 cnjus

222 2377 328 2442 merita
349 2377 491 2461 suspicio,
516 2377 617 2441 minus
637 2375 801 2440 honorifice
821 2382 949 2442 statuam
969 2400 1056 2444 seusu
1073 2380 1247 2446 uestietieo.
1282 2377 1335 2458 Sed,
1381 2426 1383 2467 ÷

221 2490 447 2576 quaestionibus
476 2491 676 2576 grammaticis
706 2492 892 2556 excutiendis
922 2492 1092 2576 implicatus
1115 2515 1151 2558 ac
1181 2494 1335 2566 distractus,

221 2629 337 2688 eorum,
362 2628 439 2690 quac
459 2604 623 2690 Prophetae
641 2604 804 2689 abjudicat,
823 2608 989 2672 carminum
1009 2607 1192 2694 singularem
1214 2608 1336 2691 omniqua
1381 2590 1383 2601 ¹

221 2720 309 2785 laude
340 2721 523 2806 superiorem
549 2741 631 2796 non,
663 2720 753 2784 sicuti
784 2741 837 2805 par
867 2728 950 2802 erat,
979 2723 1142 2786 attendisse
1171 2723 1337 2788 videturne

222 2834 423 2898 considerasse
446 2835 654 2918 praestantiam
676 2834 834 2918 poeticam.
873 2835 959 2910 Quod
981 2836 1008 2899 si
1029 2836 1160 2913 fecisset,
1185 2858 1204 2901 a
1225 2857 1291 2903 vero
1310 2833 1338 2899 de

223 2949 342 3013 eximiis
365 2948 472 3012 horum
494 2949 660 3012 carminum
683 2947 804 3013 dotibus
823 2948 940 3033 judicio
962 2951 1123 3035 profectus,
1150 2950 1204 3016 has
1222 2951 1280 3017 sibi
1298 2947 1339 3014 sli-

222 3066 308 3148 isque
330 3064 482 3150 positurus
511 3063 601 3126 fuisse
633 3063 753 3127 videtur
779 3064 985 3147 quaestiones:
1032 3065 1117 3142 aliu,
1149 3067 1255 3151 quibus
1273 3064 1339 3132 uitii

222 3178 468 3258 »praestabilius
494 3177 576 3241 aiiii
597 3177 754 3242 sublimius
774 3179 912 3242 universo
929 3179 1043 3243 eatreiit
1064 3179 1266 3247 Hebraeorum
1282 3181 1340 3245 Pei·

222 3296 300 3376 »sis,
321 3318 390 3360 mum
409 3295 450 3358 iis
469 3295 581 3358 demum
604 3295 779 3373 temporibus
797 3302 871 3359 muts
893 3316 955 3358 esse
973 3302 1003 3358 et
1022 3296 1197 3379 cormipmuta
1219 3295 1342 3362 credibile

223 3420 301 3487 aest,
317 3435 414 3497 quum,
421 3411 557 3490 prouime
579 3411 751 3474 imminente
768 3417 822 3473 out
835 3417 986 3488 proruente·
997 3411 1067 3494 jum
1087 3412 1182 3475 saeui
1197 3419 1343 3477 erramus

224 3526 461 3603 »deminutiorem
495 3525 628 3592 deditur
652 3523 736 3609 ἦμαρ
763 3529 858 3608 ἣμισυ
883 3525 998 3610 ἀρετῆς
1020 3526 1252 3592 durationem
1275 3523 1342 3586 iere·

224 3651 400 3722 speratr-
411 3663 497 3724 quum
516 3640 581 3718 ipso
598 3659 660 3702 curu
670 3639 803 3701 teroem
816 3639 937 3716 popuio,
952 3638 1075 3701 testibus
1092 3638 1218 3716 seriptis
1237 3639 1276 3702 eci
1285 3644 1344 3700 terr

226 3764 362 3835 »pestate
380 3753 589 3830 monumentis,
611 3752 700 3816 iilius
719 3759 748 3815 et
768 3751 868 3815 Possis
879 3754 978 3830 ptores
995 3752 1185 3834 defloruerat,
1199 3762 1231 3818 et
1241 3751 1342 3836 lingua,

226 3895 300 3951 sper·
322 3874 448 3935 crebrum
471 3893 534 3934 eum
557 3869 728 3952 praeprimis
745 3869 1009 3947 comuersotimam,
1031 3866 1197 3945 pristmum
1221 3867 1346 3930 emisam

228 3987 410 4064 »puritatem
431 3993 519 4068 utque
537 3982 766 4066 intepuitutem?
797 3984 880 4046 Num
902 3983 948 4046 itu
966 3990 1144 4062 statuentes,
1168 3979 1346 4061 aspersistis

226 4101 424 4180 »temporibus
446 4100 618 4178 optimorum
640 4099 805 4182 quorumvis
819 4105 984 4177 potmutum
1004 4097 1179 4161 uberrimum
1200 4097 1347 4162 tribuentes

227 4223 430 4295 rprooemtum,
454 4214 537 4278 iliud
557 4215 593 4276 ds
622 4214 824 4277 nobilissimae
846 4212 952 4288 Artis,
986 4211 1141 4276 crescentis
1167 4213 1232 4296 ejus
1254 4234 1286 4276 ae
1305 4211 1347 4273 de·

228 4330 415 4412 rarescentis,
428 4329 516 4417 fatis
525 4328 675 4411 judicium
691 4350 850 4411 sequemur,
874 4327 1093 4410 quodomnium
1107 4335 1212 4404 pue'ue
1228 4326 1346 4410 pestium

228 4444 392 4510 »literaria
413 4446 590 4510 cornmemriot
614 4441 814 4507 litterariu?”
832 4481 872 4490 -
898 4439 941 4504 Ad
965 4438 1017 4503 has
1039 4441 1135 4525 igitur
1158 4441 1344 4522 quaestiones,
