2782 4958
418 370 458 411 un
480 367 576 410 erneis
600 368 790 410 amaricans.
1108 348 1169 410 165

25 558 105 619 quas
128 538 255 630 intactas
269 537 330 600 fere
351 536 521 619 reliquisset
544 536 803 610 lie-Wettius‚
823 551 884 598 'suo
909 556 977 599 eum
1000 555 1057 597 nec
1071 532 1168 598 alieno

25 656 161 714 stantem
181 651 297 734 judicio
321 651 439 736 copiose
463 648 656 713 excutiendas
679 651 795 713 curtsse
813 651 868 731 (1).

71 767 149 828 Post
172 763 244 828 haec
266 764 442 828 ariditatem
459 764 674 848 praestantium
694 762 808 846 judicia
828 762 1072 839 Dnumvirorum,
1091 764 1167 846 quin

22 879 55 941 in
81 884 216 961 utroque
239 877 383 963 Theologi
405 876 581 941 Basileensis
603 877 680 941 libro
706 879 892 942 retractando
917 879 1056 955 scienter,
1079 900 1167 942 accu-

21 997 91 1056 rate
123 1012 159 1054 ac
189 991 276 1055 docte
299 996 433 1056 versatus
456 991 495 1053 sit
518 990 641 1070 Editor,
667 991 816 1054 neminem
847 989 934 1054 facile
958 989 1165 1055 dubitaturum

22 1127 93 1169 esse
127 1105 279 1169 existimo.
327 1103 419 1168 Habet
449 1124 518 1168 sane
551 1103 734 1167 incommodi
757 1103 829 1187 quid
860 1103 1021 1187 conjuncta
1049 1103 1101 1167 illa
1132 1126 1166 1167 ac

21 1220 160 1285 conflata
182 1217 322 1282 binorum
346 1239 435 1303 opera
458 1217 637 1282 criticorum
660 1222 749 1300 atque
771 1209 983 1302 interpretum.
1019 1220 1079 1282 Nec
1101 1220 1165 1282 sine

20 1334 114 1420 gravi
138 1331 276 1415 equidem
300 1334 405 1395 caussi.
419 1332 463 1395 sic
486 1330 618 1395 alienrun
641 1352 717 1416 opus
733 1334 798 1396 met
821 1331 946 1396 obruere
965 1333 1088 1396 audeam
1106 1333 1165 1397 dis·

20 1446 188 1532 putatione
210 1467 243 1508 ac
265 1445 455 1509 refutatione.
495 1447 601 1509 Verum
626 1446 749 1530 dejure
772 1447 891 1510 Praetor
913 1447 1089 1531 respondeat
1112 1453 1165 1513 ant

21 1581 201 1626 caussarum
219 1562 375 1624 Patronus.
412 1561 443 1625 ld
462 1581 555 1624 unum
572 1562 716 1624 affirmare
737 1581 798 1623 non
815 1580 929 1635 vereor,
947 1557 1037 1646 longe
1053 1560 1164 1644 majore

21 1699 96 1741 cum
121 1677 275 1740 doctrinae
296 1676 398 1740 fructu
430 1697 464 1739 ac
486 1677 601 1739 minore
625 1676 743 1739 errandi
767 1696 836 1739 curn
860 1675 996 1762 periculo
1019 1677 1162 1741 Briick·

21 1790 217 1854 nerianas
252 1793 281 1852 te
312 1786 520 1852 consulturum
553 1810 639 1871 esse,
672 1810 760 1872 qnam
794 1790 978 1873 superiores,
1004 1790 1162 1873 utriusque

22 1903 235 1967 commentarii
264 1902 423 1967 editiones.
474 1903 553 1976 Quae
582 1903 854 1968 lle-Wettiane
881 1904 982 1966 omnia
1004 1904 1046 1967 ita
1068 1925 1159 1988 repo·

21 2025 118 2098 nunt,
145 2022 190 2096 ut,
208 2016 390 2102 gravissimis
414 2016 583 2099 quibusque
605 2015 692 2097 locis,
712 2038 746 2080 ea
767 2015 816 2080 vel
839 2017 1012 2080 confirmate
1034 2019 1164 2102 reperias

21 2132 73 2197 vel
96 2131 235 2196 aenan.

68 2364 111 2426 De
133 2362 261 2447 repetitis
279 2382 306 2424 a.
324 2361 412 2424 185t
431 2360 636 2424 commentarii
657 2360 688 2424 in
713 2362 914 2446 Apocalypsin
938 2361 1072 2425 editione
1095 2342 1157 2426 non

20 2476 175 2559 estquod
199 2474 293 2539 multa
315 2474 412 2538 dicam
433 2475 490 2557 (i).
539 2473 643 2537 Solum
672 2475 752 2537 enirn
776 2475 941 2538 auctarium
973 2474 1079 2556 habet,
1106 2477 1156 2540 sed

19 2591 181 2677 egregium
203 2590 292 2666 illud,
317 2589 460 2654 Laelii
483 2588 704 2672 praefationem.
753 2587 807 2653 Ubi
827 2593 859 2651 et
881 2588 917 2651 de
942 2591 1157 2674 Hengsten-

18 2705 168 2790 bergio
191 2710 279 2787 atque
303 2702 477 2767 Ebrardo
500 2702 586 2783 dicit,
604 2703 815 2767 recentissimis
833 2701 903 2766 libri
927 2703 1154 2788 interpretibus,

19 2827 52 2885 et
73 2822 170 2885 totius
192 2818 340 2903 imprimis
369 2816 466 2901 operis
488 2817 749 2880 ire-Wettiani
773 2817 856 2880 dotes
888 2823 1024 2881 accurate
1054 2817 1155 2882 laudat

17 2957 54 3000 ac
76 2935 307 3020 praestantiam,
332 2931 437 2996 leviter
460 2953 494 2995 ee
522 2930 654 2995 modeste
680 2932 814 2996 defectus
846 2933 981 3016 attingit.
1037 2933 1155 2996 »Attici

23 3052 95 3115 stoc
109 3049 259 3134 judiciem
282 3045 369 3122 est;''
393 3045 506 3127 inquit,
532 3046 606 3108 »sed
627 3045 678 3128 qui
700 3067 856 3128 permanes
872 3053 916 3109 est
939 3047 1080 3127 Ammoi,
1104 3047 1153 3109 tte

51 3343 86 3403 (i)
106 3340 160 3397 Sic,
175 3340 206 3388 de
224 3353 315 3390 comm.
333 3339 360 3389 in
380 3337 493 3388 Petrinus
511 3338 624 3402 aliasque
643 3350 698 3400 epp.
711 3335 803 3386 iterum
822 3335 890 3385 edito
909 3333 1028 3394 reterens,
1048 3335 1148 3387 linei-

13 3436 105 3495 dius,
125 3434 271 3484 memoratis
288 3433 315 3482 in
333 3429 432 3481 Annei.
451 3430 487 3479 V.
508 3431 685 3484 1852-1853‚
704 3441 728 3490 p.
750 3428 798 3476 279
818 3439 855 3489 sq.

49 3527 87 3590 (2)
106 3522 207 3588 Supra,
236 3526 292 3574 loco
318 3525 411 3582 allato,
437 3524 517 3588 ipsius
535 3521 718 3571 iia-Wettii
741 3535 774 3570 ex
800 3519 954 3583 praefatione
973 3522 1147 3572 memorabilia

12 3633 66 3670 non
85 3619 158 3668 nulle
175 3619 285 3682 reposui.
311 3617 388 3666 Nunc
405 3629 478 3677 vero,
496 3616 544 3665 hoc
555 3613 670 3676 relegens
688 3612 759 3662 illius
776 3612 856 3662 veluti
868 3618 1055 3672 testamentum,
1069 3621 1145 3678 atque

12 3726 103 3762 coram
121 3712 281 3769 recordatus,
302 3722 366 3772 quae
391 3715 477 3757 nostra
495 3705 640 3770 nuperrime
657 3703 834 3753 commendata
852 3705 931 3753 andiia
950 3704 1050 3764 Patria,
1070 3721 1144 3755 com-

10 3812 174 3863 mentorum,
192 3804 274 3853 facore
292 3817 343 3852 non
369 3813 474 3866 possum
492 3801 553 3864 quin
579 3798 626 3848 lrec
644 3799 719 3847 etiarn
737 3796 859 3846 Auctoris
882 3799 1038 3855 adscribam,
1058 3795 1144 3849 Scenii

10 3899 169 3962 impietatem
186 3909 262 3958 aegre
280 3894 401 3952 ferentis,
421 3893 532 3949 dictum,
551 3903 602 3940 non
613 3890 712 3938 minore
731 3888 845 3938 omnium
863 3889 1002 3938 attentione
1020 3890 1143 3951 dignum:

10 3991 92 4056 »Aes
100 3990 144 4039 den
162 3988 227 4039 lietb
242 3988 321 4049 dercr,
340 3986 424 4037 acalcie
440 3987 493 4049 ees
505 3984 548 4034 der
568 3983 640 4032 Ho'ie
656 3981 699 4033 der
715 3980 868 4047 Zeitbildenp
885 3997 915 4031 ze
931 3981 1009 4031 stelen
1029 3983 1142 4046 verpeben

10 4083 76 4134 send
91 4081 173 4148 deific
189 4079 278 4146 peltes,
293 4078 338 4129 soll
353 4078 396 4130 der
414 4075 486 4128 Smet
503 4076 554 4126 siclt
571 4075 612 4125 des
630 4073 776 4125 christiicircn
796 4073 914 4139 Principe
931 4072 1077 4139 entscbleycn
1093 4074 1143 4124 aad

10 4175 77 4226 esici
94 4177 147 4241 ees
155 4172 200 4224 den
215 4171 301 4223 Bodas
325 4170 368 4220 der
385 4166 606 4233 Gleiciyr'iltiylceit,
623 4183 659 4215 wo
677 4165 740 4216 aicit
757 4183 806 4231 yar
820 4165 862 4216 des
879 4165 1027 4226 Atlrcssmes,
1044 4165 1138 4216 stetten:

10 4268 97 4319 sweiclr
115 4269 152 4318 ein
168 4265 314 4316 Fortscinitt
329 4280 360 4314 za
376 4264 440 4313 einer
452 4277 536 4322 neuen,
551 4260 608 4310 nocis
624 4261 660 4309 nic
671 4259 835 4325 depeaccseaen
850 4257 1039 4310 Barbareii’'
1050 4285 1084 4296 ·-
1096 4256 1139 4310 sic

10 4363 60 4412 ilie.
98 4361 150 4423 Qui
169 4375 244 4425 quarn
263 4359 402 4408 detestetur
420 4355 538 4406 Civitatem
557 4353 672 4411 Atticam,
692 4355 789 4404 utinam
807 4369 938 4419 nunqnam
957 4369 1013 4404 cam
1031 4356 1139 4404 condere

10 4453 138 4518 contingat
158 4449 335 4503 Neder·iendice
353 4448 538 4500 Novatoribus!
