2782 4958
627 125 791 169 cuusunaa.
1224 105 1265 166 aa

136 296 236 361 tertlls
257 294 426 359 mutatione
450 313 484 357 ac
506 292 619 376 majore
643 292 717 357 adeo
739 290 960 377 probabilitate.
1008 291 1072 357 Soli
1094 293 1174 357 enim
1198 294 1266 357 voci

134 426 203 500 pam
234 405 401 471 substituto
435 423 530 479 anau,
563 406 712 470 intactum
744 405 891 490 relinquit
922 411 1011 473 arur).
1048 442 1094 457 -
1122 407 1263 473 Necdum

133 529 230 585 tamen
253 519 341 582 facile
365 517 439 582 mihi
462 519 641 602 persuadere
663 539 802 603 possum,
835 518 927 604 longe
956 519 1119 585 difficiliori
1141 517 1264 587 lectioni

97 694 102 698 ,
130 634 282 720 vulgatae,
309 654 383 717 qnae
406 654 467 696 non
491 631 548 696 hoo
571 638 702 713 tantum,
720 633 772 696 sed
794 634 868 698 item
890 631 1109 700 Cdrouieccum
1131 635 1198 701 loco
1215 660 1266 723 pa·

130 747 241 826 rallelo,
267 748 379 831 scripta
402 752 510 825 exstat,
537 748 715 824 faciliorem,
742 768 817 832 quae
840 748 956 813 nemini
972 748 1138 815 molestiam
1162 773 1265 835 parere

129 867 256 947 poteret,
275 861 517 926 substituendam
534 883 609 926 esse.
636 861 715 927 Cum
730 862 906 947 praesertim
925 885 1068 950 magnum
1083 865 1265 950 praesidium

129 976 235 1043 habeat
257 980 377 1060 recepta
398 976 431 1038 iu
456 974 570 1039 Malaia
602 973 700 1051 dicto,
734 972 969 1047 Deuteronomii
999 976 1071 1062 Cap.
1100 975 1261 1059 XXVIII,

129 1097 202 1157 sect.
223 1096 279 1167 52,
307 1089 361 1157 nbi
384 1089 487 1154 eadem
510 1089 573 1154 fere
598 1089 746 1155 sententia
766 1089 885 1175 plenius
912 1090 1088 1161 enuntiatur
1109 1090 1280 1181 pumina

130 1203 276 1292 par-522.
336 1204 406 1276 Quo
435 1205 600 1288 respexisse
635 1204 755 1270 videtur
792 1203 924 1273 suono.
986 1204 1104 1271 Locum
1143 1207 1261 1293 igitur,

129 1320 174 1385 vol
197 1318 286 1404 plane
309 1319 400 1385 sicuti
423 1318 567 1403 vulgatur
590 1318 715 1395 lectum,
740 1317 789 1383 vel
810 1321 872 1383 una
894 1324 1018 1385 anctum
1041 1320 1163 1402 littera,
1188 1342 1265 1405 quae

131 1433 214 1499 facile
237 1431 375 1499 excidere
397 1432 514 1516 potuit,
541 1433 585 1496 sie
609 1433 771 1498 verterim:
798 1433 830 1497 ia
853 1434 948 1510 terat,
969 1434 1003 1499 ia
1020 1434 1084 1519 ejas
1103 1436 1214 1520 portia,
1233 1436 1264 1503 id

131 1553 184 1623 est,
209 1547 241 1610 in
266 1545 462 1610 interioribus
485 1554 582 1612 terrae
605 1544 741 1630 partibus
763 1546 896 1630 ipsisque
919 1545 993 1611 adeo
1015 1546 1099 1612 illius
1121 1546 1260 1626 urbibusr

130 1660 188 1725 sive
219 1658 469 1744 praeverbium:
497 1668 566 1725 ante
588 1661 669 1727 aava·
691 1681 728 1723 ex
755 1645 930 1747 praegresso
957 1678 1030 1756 paru
1064 1663 1263 1748 supplendum

132 1795 190 1839 csse
214 1780 382 1851 censeatur,
409 1795 463 1838 seu
486 1775 518 1841 iu
542 1780 660 1840 testum
683 1774 937 1856 restituendum„
962 1775 1081 1847 Quodsi
1111 1778 1190 1844 torte
1220 1779 1264 1845 el·

131 1886 211 1972 lipsis
232 1888 291 1952 illa
314 1888 366 1952 hlc
390 1889 508 1959 admitti
532 1910 593 1954 nou
616 1912 703 1975 posse
727 1896 896 1966 censeatur.
922 1892 995 1958 baec
1018 1898 1098 1959 certe
1121 1892 1263 1961 facillima

133 2007 173 2067 est
195 2003 364 2069 medicina.'
404 2003 568 2073 Versiones
591 2010 690 2075 autem
713 2005 785 2080 loci,
810 2027 899 2091 quem
922 2029 981 2072 non
1004 2008 1091 2092 plane
1112 2007 1263 2094 intelligo·

133 2123 206 2200 reat,
226 2117 412 2193 ¹sententiam
435 2117 573 2197 liberius,
598 2126 635 2185 ut
655 2125 807 2205 poterant,
834 2123 1014 2206 expressisse
1037 2128 1121 2209 puto.

168 2454 225 2519 Sed
256 2455 330 2519 satis
364 2454 569 2538 exemplorum
602 2455 740 2525 attulisse
771 2454 929 2536 videmur,
964 2456 1076 2540 quibus
1106 2464 1261 2542 appareret

131 2567 326 2649 lhenium,
351 2569 488 2652 quamvis
511 2570 630 2654 magnis
645 2570 684 2632 in
710 2571 846 2634 Introita
868 2569 1008 2637 laudibus
1031 2571 1260 2638 Alexandrinos

131 2687 270 2761 ornasset,
297 2704 383 2767 saepe
405 2695 516 2763 mmen,
544 2682 599 2749 ubi
622 2685 812 2770 singulorum
835 2685 971 2751 locorum
988 2687 1078 2751 lectio
1098 2687 1259 2770 judicanda

130 2804 196 2876 erat,
223 2821 257 2863 re
281 2805 313 2863 et
334 2800 451 2863 ratione
474 2799 630 2875 suadente,
654 2821 757 2865 eorum
780 2803 990 2867 auctoritatem
1014 2802 1186 2885 repudiasse
1206 2807 1260 2867 aut

128 2913 206 2993 plane
230 2935 291 2978 non
316 2915 447 2979 curasse.
496 2915 543 2978 Ac
574 2908 634 2977 tam
665 2921 753 2979 caute
775 2937 836 2979 non
869 2937 936 2980 raro
959 2915 1010 2981 blo
1040 2920 1175 2980 versatus
1198 2920 1258 2997 est,

128 3031 157 3090 ut
178 3027 308 3092 eundem
331 3033 362 3090 te
385 3048 467 3092 nunc
490 3027 639 3093 dicentem
661 3030 766 3095 audire
790 3030 951 3121 Oriticum,
976 3031 1062 3114 eujus
1085 3052 1154 3096 cum
1177 3052 1259 3096 com·

127 3143 270 3206 nenmrio
292 3141 325 3207 iu
348 3141 498 3207 Samuelis
520 3140 614 3208 libros
628 3144 769 3209 notitiam
785 3149 987 3223 contraxeras,
1010 3146 1061 3208 vix
1077 3149 1130 3209 aut
1150 3166 1189 3209 ne
1206 3147 1257 3210 vix

126 3255 244 3336 quidem
266 3254 442 3321 credideris.
490 3257 558 3322 Nec
587 3262 686 3323 tamen
715 3279 732 3321 a
762 3257 989 3335 Riietscbii,
1023 3259 1159 3322 criticam
1191 3259 1257 3343 eJus

126 3389 241 3453 operam
264 3371 404 3436 universe
427 3371 512 3443 valdo
534 3373 753 3456 praedicantis,
780 3373 898 3457 judicio
921 3373 1157 3438 dissentiendum
1188 3380 1254 3452 est,

125 3485 171 3565 qui
195 3504 279 3548 nune
301 3485 391 3551 etiam
413 3484 541 3552 subinde
561 3486 644 3570 josto
668 3487 807 3572 cupidius
829 3487 861 3552 id
885 3509 952 3554 eum
972 3488 1071 3572 egisse
1088 3491 1202 3566 monet,
1221 3494 1255 3552 nt

125 3596 304 3665 difficiliores
326 3602 430 3665 textus
452 3601 617 3677 lectiones,
652 3620 778 3685 quarum
807 3600 950 3667 subtilius
979 3602 1161 3686 inquirenda
1191 3611 1255 3668 erat

124 3710 247 3777 interior
269 3714 358 3790 ratio,
384 3719 520 3780 veterum
544 3715 747 3799 Interpretum
765 3716 944 3781 auctoritate
960 3716 992 3781 in
1015 3714 1164 3781 faciliores
1183 3716 1256 3781 alias

125 3833 329 3893 commutaret.
373 3828 514 3894 Proiecto
537 3831 619 3894 enim
644 3831 926 3896 Aleuaadm'norum
949 3830 1126 3916 singulatim
1149 3832 1180 3895 in
1197 3851 1254 3895 usu

124 3960 156 4005 eo
177 3942 274 4026 major
296 3941 531 4007 commendanda
554 3947 600 4007 est
621 3942 795 4027 prudentia,
810 3963 872 4027 quo
890 3940 1075 4009 luculentius
1095 3944 1142 4009 vel
1159 3963 1258 4026 panca

122 4055 179 4137 ills,
204 4078 282 4142 quae
304 4056 510 4135 laudavimus,
544 4057 678 4142 exempla
699 4058 790 4124 modo
815 4057 889 4141 quid
912 4059 970 4142 ipsi
993 4059 1169 4142 scripserint
1190 4076 1251 4119 uon
1313 4144 1328 4170 0

124 4172 192 4236 satis
215 4170 305 4237 nobis
327 4178 464 4238 constare
487 4173 666 4250 docuerunt,
692 4173 792 4250 modo,
815 4169 868 4237 ubi
893 4176 1021 4257 constat,
1040 4193 1101 4242 uon
1124 4176 1184 4235 tam
1208 4191 1252 4235 re-
