2782 4958
129 311 172 370 42
615 321 773 367 russonum

129 515 226 572 mam,
248 493 282 557 in
304 487 571 556 Rheinwuldii
592 487 699 552 Diario
722 485 870 572 proditam
894 485 964 571 (1),
983 485 1052 573 logi
1082 508 1256 571 sensuram,

128 609 228 693 ipsum
247 607 447 689 Interpretem
465 607 555 687 utque
571 602 654 667 huno
676 602 853 688 singulatim
876 602 941 687 ejus
963 602 1223 669 commentarium
1245 626 1261 668 s

129 721 297 788 modestid.
329 718 512 797 sobrietate,
543 717 726 803 prudentii,
758 718 911 783 dootmnse
940 718 1027 801 eopid
1049 717 1173 783 laudare
1196 741 1260 783 me-

129 837 217 900 mini.
265 832 335 905 Quo
357 831 511 917 ajudieio
532 832 566 894 in
588 831 738 916 plerisque
761 852 822 895 non
845 832 1025 897 dissentiens
1041 830 1086 897 Η.
1107 830 1261 914 Rhode,

129 949 188 1014 Vir
207 948 411 1024 doctissimas,
427 946 649 1031 perspicuitate
665 945 815 1030 imprimis
831 943 868 1009 ab
889 943 1077 1011 Hiruslio
1099 945 1192 1031 longo
1211 966 1263 1011 su·

128 1066 226 1148 peruri
249 1061 432 1146 Hitzigii
462 1061 494 1124 in
517 1059 622 1124 eodem
646 1080 756 1145 genero
778 1060 891 1145 scriptu
913 1061 1023 1125 merito
1045 1061 1175 1126 affirmat
1197 1061 1262 1148 (2).

171 1178 231 1242 Sed
253 1199 315 1242 non
337 1176 463 1240 ultimus
486 1172 573 1239 nobis
595 1174 807 1239 memorandus
829 1179 894 1239 erat
913 1174 1150 1252 Stiekelius,
1171 1176 1264 1260 eujus

126 1291 346 1370 testimonium,
372 1309 433 1373 quo
454 1293 588 1373 tempore
600 1288 663 1372 jam
681 1289 870 1374 praematurd
892 1294 990 1355 morte
1012 1290 1181 1355 exstinctus
1197 1296 1264 1356 orat

127 1405 199 1471 libri
221 1408 352 1480 Auctor,
377 1404 534 1469 inlunem
557 1403 685 1479 editum,
711 1404 818 1469 auditu
840 1424 912 1467 sano
933 1403 1061 1490 dignum
1083 1410 1140 1470 est.
1182 1405 1264 1472 Cum

128 1520 304 1605 praesertim
326 1519 390 1603 ipse
412 1518 463 1582 hio
486 1517 620 1592 Censor,
645 1516 750 1581 maltis
772 1517 928 1602 explicatis
950 1518 1093 1584 Jobetdis
1114 1519 1203 1600 loeis,
1229 1522 1264 1587 in

128 1632 304 1698 melioribus
326 1631 397 1697 libri
420 1632 589 1717 gravissimi
612 1630 836 1716 Interpretibus
855 1632 974 1716 justum
994 1632 1053 1698 sibi
1073 1633 1175 1699 losum
1195 1636 1264 1701 vin·

129 1748 276 1813 dioavoffl
299 1745 360 1832 (3).
394 1744 624 1812 Stiokelius
647 1745 744 1830 igitur
766 1747 809 1810 ita
831 1746 945 1812 teredo
963 1744 1143 1811 Hiruelii
1166 1745 1259 1815 libro:

128 1861 337 1946 »Sepositis‚”
360 1862 474 1944 inquit,
500 1852 600 1946 »quae
622 1860 807 1927 Leaieorum
822 1872 893 1927 sunt
912 1884 949 1926 ae
967 1859 1260 1946 Grammatieonrm,

129 1978 233 2062 »quael
255 1979 300 2041 ita
321 1975 538 2062 lucrifecerat,
556 1976 692 2060 spatium
714 1998 781 2045 eum
802 1978 866 2041 sur's
887 1977 1047 2042 tradendis
1060 1978 1189 2042 inuentis
1203 1981 1262 2043 tri·

129 2091 232 2172 »batn
266 2102 329 2155 turn
357 2092 461 2167 noris,
490 2092 617 2155 neudum
639 2091 683 2155 ud
705 2089 740 2156 S.
766 2089 803 2157 S.
828 2090 1064 2156 illustrationem
1092 2091 1259 2185 addidiis,

129 2205 411 2288 »pereqrinatorum
428 2194 755 2270 animadversionibus.
806 2204 924 2290 Ubique
947 2215 1068 2271 cautum
1091 2228 1123 2272 se
1139 2207 1262 2272 dernen-

128 2329 227 2384 »urae
248 2328 276 2383 et
298 2329 473 2383 aeeuraturn
501 2341 555 2384 nee
582 2341 678 2405 penso
707 2329 841 2405 suscepto
871 2321 1021 2403 imparem
1043 2320 1259 2404 Interpretem.

129 2408 248 2507 ‚Varie
268 2432 371 2516 spretui
393 2434 533 2496 nouitatis
555 2432 699 2518 qloriold,
722 2454 799 2518 quae
819 2435 1005 2520 antiquiores
1024 2435 1261 2522 recentioresque

128 2525 296 2611 ndieerant
317 2549 497 2630 interpretes
519 2550 566 2610 ita
588 2546 732 2624 consulit,
753 2559 786 2609 ut
808 2569 895 2611 suum
919 2549 1025 2632 cuique
1051 2547 1178 2611 tribuat.
1205 2550 1261 2612 Ar-

129 2681 208 2744 »que
231 2680 352 2736 eorum,
385 2682 463 2746 quae
487 2662 531 2724 ad
551 2661 688 2745 sinqulas
710 2682 792 2726 voees
817 2661 1034 2746 locutionesque
1056 2661 1261 2727 illustrandas

130 2774 334 2851 rettulerant,
357 2775 470 2838 clarum
499 2797 534 2838 ae
559 2777 759 2858 perspicuum
789 2774 933 2840 lectorum
965 2777 1058 2841 oeulis
1080 2776 1169 2860 offert
1192 2800 1261 2842 aon·

130 2901 291 2972 aspectum.
341 2887 409 2953 Nee
434 2891 534 2952 minas
565 2888 663 2953 lucide
685 2912 720 2953 ae
742 2879 882 2954 concinne
904 2912 1032 2954 suarum
1054 2892 1121 2975 ipse
1143 2903 1261 2956 senten-

131 3004 268 3068 »tiaram
290 3004 411 3088 capiam
433 3003 589 3089 iissaeere
605 3003 686 3068 solet.
732 3004 844 3091 Atque,
868 3006 951 3070 dorae
967 3010 1043 3072 adeo
1061 3009 1145 3072 edito
1165 3007 1258 3089 libro,

126 3170 259 3181 ¹—-

163 3267 200 3330 (1)
219 3267 279 3318 Vid.
297 3265 390 3332 allqem.
405 3265 539 3332 Repertf.
555 3267 580 3318 d.
597 3265 662 3318 tdeol.
676 3266 726 3317 Lu.
745 3285 767 3318 u.
781 3266 864 3318 kent
880 3266 942 3319 Stat.
961 3268 996 3318 ad
1011 3285 1041 3318 nr.
1055 3267 1161 3320 Januar.
1183 3275 1258 3330 1840,
1295 3289 1300 3299 ·

98 3360 108 3379 ‘
127 3375 154 3424 p.
176 3365 197 3408 l.
215 3345 268 3424 sqq.
301 3359 374 3409 Libri
389 3359 572 3411 Hiruelisni
588 3363 691 3411 titulum
706 3363 806 3426 plenius
822 3376 899 3425 supro
915 3363 1049 3411 retulimus
1065 3378 1089 3427 p.
1110 3369 1149 3412 19.

163 3455 200 3515 (2)
220 3453 255 3502 V.
273 3452 340 3502 tdeol.
357 3451 516 3502 Literuturbl.
532 3471 555 3501 z.
575 3451 610 3503 A.
626 3453 663 3503 K.
680 3453 783 3518 Zeitunq
793 3489 800 3512 ,
817 3453 851 3502 ad
862 3471 886 3502 a.
908 3459 981 3511 1842,
1001 3455 1048 3503 N0.
1068 3461 1142 3505 144.-

162 3546 200 3609 (3)
220 3546 280 3597 Vid.
299 3545 325 3596 J.
345 3542 377 3595 G.
396 3544 535 3606 Stiokel,
554 3545 600 3595 dus
616 3545 687 3596 Buelr
705 3546 813 3596 Hieb—
828 3548 945 3597 dbersetzt
959 3548 1000 3597 mit
1014 3541 1081 3613 exsp.
1099 3548 1260 3601 818881-

85 3681 88 3688 .
126 3637 266 3704 merkunqen
273 3657 284 3702 ,·
300 3637 370 3704 Lips.
385 3643 458 3689 1842.
477 3665 509 3674 -
526 3637 619 3696 sQuem
635 3647 700 3688 arcte
714 3655 791 3688 omnes
807 3640 876 3689 totius
889 3636 997 3690 Jobetdis
1010 3648 1094 3705 partes
1110 3640 1257 3702 cohaereant,

128 3746 249 3795 »aequam
258 3739 322 3781 certa
330 3733 417 3781 Illihui
434 3731 568 3797 sinqulatim
579 3747 707 3781 sermonum
716 3731 898 3795 sisenandus,-
913 3731 969 3782 base
978 3741 1045 3791 sunt,
1060 3750 1119 3797 quae
1133 3734 1259 3798 praeclare

129 3823 260 3887 »imprimis
279 3823 309 3872 ab
331 3839 357 3872 eo
378 3824 587 3874 demonstrentur.‘'
621 3824 663 3875 Sic
686 3833 754 3875 reete
777 3826 810 3875 el.
834 3823 951 3886 welle,
974 3829 1013 3876 in:
1038 3827 1138 3890 Drey,
1163 3828 1258 3877 Kubn

126 3915 172 3965 bo.
196 3913 270 3978 (Tse.
293 3913 368 3978 katte.)
394 3917 460 3968 tleol.
480 3917 683 3982 Quartalsebrrjl,
707 3924 781 3968 1842.
807 3923 831 3968 2.
849 3935 876 3983 p.
896 3924 945 3969 326
963 3934 1020 3984 sqq.
1057 3918 1158 3971 Similes
1182 3921 1259 3970 otiam

126 4008 213 4057 laudes
231 4004 383 4058 Stiokelii
404 4011 470 4060 liber
491 4012 523 4060 ab
546 4013 602 4062 aliis
620 4012 680 4060 tulit
698 4008 867 4084 censoribus,
891 4012 918 4061 in
941 4013 1027 4062 multis
1045 4014 1160 4076 quamvis
1177 4013 1209 4062 ab
1227 4028 1258 4063 eo

128 4099 345 4151 dissentientibus·
368 4100 431 4153 Vid.
453 4102 480 4153 J.
498 4105 533 4155 A.
552 4105 578 4155 H
584 4105 719 4164 ofiman,
739 4105 764 4153 in
780 4104 844 4154 theol.
860 4103 1014 4154 literaturdl.
1030 4124 1052 4154 z.
1068 4105 1101 4155 A.
1119 4104 1156 4154 K.
1169 4105 1205 4156 Z.
1224 4106 1260 4155 ad

125 4207 157 4241 m.
174 4190 228 4243 Jat.
249 4199 322 4244 1842.
339 4192 385 4244 N0.
406 4201 451 4252 803
467 4223 499 4232 -
521 4197 574 4248 Ed.
593 4198 712 4260 Reuss,
729 4199 756 4248 iu
774 4200 809 4248 A.
826 4196 900 4246 Hali.
915 4195 965 4247 Le.
982 4197 1096 4264 Zeitunq,
1110 4199 1144 4247 ud
1160 4215 1191 4248 nr.
1207 4199 1257 4248 De·

126 4288 209 4337 eemtr.
231 4293 305 4347 1842,
324 4288 370 4340 N⁰.
390 4295 438 4340 210
456 4305 508 4354 sq·;
528 4318 560 4329 -
578 4291 794 4344 Rhoinweldii
815 4291 874 4358 ullq.
893 4291 971 4356 Rern,
990 4291 1025 4342 ud
1043 4309 1075 4344 m.
1095 4291 1162 4358 Sept.
1182 4297 1256 4353 1844,

127 4396 153 4445 p.
176 4387 222 4432 195
241 4397 296 4446 sqq.
