2782 4958
563 371 724 415 cuususna.
1143 352 1204 414 lus

65 534 191 618 quidem
215 558 266 619 ne,
280 536 361 620 quod
384 538 416 600 iu
440 538 526 603 Nouo
547 540 728 603 Testamenta
751 538 863 602 sactum
886 536 1010 614 nollem,
1028 539 1059 600 in
1084 537 1130 601 his
1154 539 1203 603 de·

65 671 131 713 nuo
154 652 207 714 fiat
229 653 429 737 Apeerppdt‘e,
452 657 488 716 ut
516 656 607 718 coeci
637 654 696 718 fide
719 651 801 717 illius
830 653 1037 717 auctoritatem
1068 653 1201 718 venerati

65 785 131 828 nou
154 764 243 844 nulli,
268 766 301 829 in
325 769 361 830 ets
383 787 473 850 quam
496 768 665 845 const'tuit‚
686 768 789 831 texths
813 767 983 831 recensione
1000 766 1096 830 securi
1119 787 1201 829 nunc

64 882 256 963 acquiescant
279 880 314 944 de
339 880 463 964 ejusque
485 881 609 945 veritate
632 879 769 945 dubitare
786 881 868 945 nefas
891 879 1019 945 habeant
1041 902 1074 945 ac
1097 881 1201 967 piacu-

64 995 143 1059 lum.
193 996 274 1071 Quae
304 996 330 1058 si
364 994 524 1060 invalescat
553 996 747 1080 superstitio,
775 994 930 1082 Ἀκρισία
962 997 1084 1080 potius,
1109 1016 1199 1079 quam

67 1109 202 1188 Critiae,
226 1108 411 1173 nobilissima
435 1109 506 1173 haec
537 1115 636 1173 nostra
660 1109 783 1173 dicenda
806 1111 847 1174 sit
876 1108 1044 1195 disciplina.
1093 1111 1200 1174 Verum

65 1222 234 1287 cavendnm
256 1223 343 1288 nobis
363 1230 407 1287 est
430 1245 469 1287 ne
493 1223 706 1287 admiratorem
730 1223 802 1288 vitia
824 1217 857 1287 ac
880 1224 1043 1288 socordiam
1066 1225 1104 1288 iis
1126 1223 1201 1307 obji-

66 1337 193 1412 ciamus,
218 1357 294 1420 qnos
316 1336 512 1413 admirantur,
539 1335 744 1400 doctrinarum
771 1335 961 1421 coryphaeis.
1011 1337 1145 1412 Quorum
1167 1336 1201 1398 in

66 1449 242 1515 nominibus
264 1449 619 1515 Tischendoriium
643 1471 763 1517 censere
785 1449 864 1515 nulli
887 1449 1060 1517 dubitamus
1082 1451 1097 1536 (
1119 1451 1145 1530 ).

126 1622 223 1631 ..-μ-...-

100 1718 136 1771 (1)
154 1717 207 1769 Ubi
232 1731 325 1782 supre,
348 1719 453 1768 ineunte
477 1717 554 1767 haece
576 1717 717 1774 relatione,
743 1714 832 1768 Critici
853 1716 993 1782 Lipsiensis
1015 1717 1152 1784 apocrypha
1173 1719 1200 1769 in

66 1810 184 1876 Euunqq.
200 1811 291 1861 merita
307 1811 420 1870 laudavi,
433 1812 500 1860 hunc
512 1811 588 1860 stiam
599 1823 742 1861 memorare
756 1817 887 1874 potueram
900 1826 929 1860 ac
942 1811 1047 1861 forsitan
1060 1811 1199 1862 debueram

66 1903 121 1968 ejus
139 1903 266 1963 libellum,
285 1905 397 1968 optimae
414 1903 495 1967 frugis
513 1904 599 1953 illurn:
626 1902 730 1953 Pilati
756 1904 821 1952 circu
848 1902 1008 1954 Christum
1026 1902 1118 1969 judicio
1144 1903 1201 1966 quid

64 1997 124 2048 lueis
141 1997 257 2062 offiralur
274 2012 304 2045 er
324 1996 417 2046 Actis
439 1996 552 2046 Pilati.
590 1995 633 2046 Ad
652 1995 784 2045 aremoricus
806 1995 829 2044 t.
853 1993 977 2046 Theilii
1003 1994 1147 2045 recolendam
1167 2021 1201 2032 —
1262 2023 1266 2029 ·

64 2089 164 2154 scripsit
181 2087 288 2139 coust.
309 2087 427 2144 Piscis
447 2087 516 2152 Lipa
538 2093 612 2138 1855.
641 2088 690 2152 Pp.
709 2093 748 2138 30.
784 2087 864 2153 Cujus
882 2088 984 2154 quidem
1002 2088 1119 2152 opusculi
1136 2101 1199 2153 pos·

64 2185 158 2234 tericre
175 2189 248 2246 parte
266 2180 398 2231 'rheilto
414 2188 574 2245 parentator,
593 2181 738 2231 doctissimo
763 2177 894 2242 Theologo
921 2178 1057 2244 Lipsiensi,
1083 2181 1124 2229 cui
1142 2194 1198 2244 gra·

63 2275 198 2326 vissimum
215 2289 295 2323 mmm.
314 2273 339 2323 in
359 2273 411 2339 Ep.
428 2271 518 2324 Jacobs·
534 2272 614 2338 lLipe.
636 2279 710 2339 1833)
737 2274 837 2339 aliaque
855 2274 975 2324 debemus
997 2272 1128 2322 doctrinae
1144 2282 1199 2323 mo·

64 2374 197 2420 numenta.
231 2367 325 2418 Priore
343 2381 405 2418 vero
429 2369 510 2432 euque
529 2366 624 2430 majore
651 2374 731 2431 parte,
758 2382 781 2430 p.
803 2371 894 2426 1-25,
921 2366 996 2429 plura
1020 2365 1109 2415 afferre
1136 2368 1200 2415 Actu

64 2459 146 2512 Pilati
165 2463 322 2512 demonstrat
346 2459 455 2521 Auctor,
481 2475 545 2524 quae
565 2459 706 2523 Euangelia
730 2475 785 2510 cau.
811 2474 840 2509 ae
858 2457 951 2516 Pilati,
978 2457 1107 2509 Christum
1131 2457 1200 2522 judi·

62 2554 161 2611 cantis,
181 2554 308 2604 illustrent
332 2553 423 2617 agendi
450 2554 585 2604 rationem.
621 2552 703 2614 Quem
728 2551 817 2605 Critici
845 2561 964 2602 conatam
985 2552 1044 2616 jure
1068 2551 1198 2600 laudatum

63 2648 118 2697 ridi
135 2648 167 2697 ab
185 2647 341 2697 Enaldio:
364 2644 454 2697 Jatrt.
477 2646 520 2696 der
544 2645 597 2696 bibl.
623 2645 697 2697 Wiss.
720 2646 783 2696 VII.
805 2650 981 2704 rest—1855,
1006 2659 1030 2709 p.
1053 2650 1109 2695 195.
1147 2641 1198 2703 Qui

63 2739 170 2802 quidem
188 2753 253 2804 qaae
271 2739 331 2788 hinc
347 2741 519 2797 rescissemus,
528 2754 579 2789 nou
598 2741 684 2802 magni
702 2753 733 2789 sa
751 2753 805 2788 esse
824 2740 946 2789 momenti
963 2739 1031 2786 dicit.
1061 2737 1198 2787 Enimvero

63 2831 129 2881 nihil
147 2831 185 2880 hic
202 2832 257 2882 lere
270 2839 307 2882 est
318 2832 459 2883 ducendum
472 2846 519 2882 nee
532 2833 719 2896 negligendum.
739 2833 882 2882 Verissime
894 2833 961 2882 cuim
974 2846 1003 2882 ac
1015 2831 1195 2896 pulcherrime,

62 2923 242 2988 disputationis
259 2925 342 2983 initio,
362 2923 653 2975 Tischcndoriiosr
680 2923 749 2984 »Quo
768 2927 844 2990 majus
864 2926 888 2974 iu
917 2924 964 2974 illis
989 2924 1087 2980 retue‚''
1105 2924 1196 2987 inquit,

62 3014 116 3064 aad
132 3013 228 3065 sulutem
244 3023 362 3066 adernam
379 3016 478 3066 hurrrano
494 3018 576 3081 yeners'
587 3017 772 3081 recuperandam
788 3018 848 3066 inest
861 3026 1002 3074 moerentum,
1016 3033 1042 3066 eo
1053 3017 1108 3082 plus
1120 3016 1200 3067 studui

60 3107 112 3156 »ab
130 3108 170 3166 iis,
189 3108 231 3171 qui
246 3123 340 3157 sacrum
357 3107 477 3158 betoricas
491 3107 614 3173 insinuant.
628 3107 662 3158 ud
673 3108 701 3158 iu
715 3108 887 3175 emerendum,
901 3117 926 3158 ur
942 3107 1089 3174 ianuariarum
1106 3125 1195 3168 eurum,

57 3200 265 3264 »quemadmodum
281 3210 412 3267 susceptae,
432 3210 507 3260 acme,
523 3201 720 3260 obsoletassent,
736 3209 907 3267 persequuntur
924 3202 1050 3266 aestiuis?

95 3292 232 3344 Caeterum
250 3294 330 3346 libelli
356 3297 382 3345 in
406 3296 481 3345 titulo
496 3309 528 3345 ne
547 3297 603 3361 quis
621 3296 724 3345 haereat
741 3294 871 3352 incertior,
890 3296 1045 3345 monendum
1067 3303 1106 3344 cst
1125 3295 1197 3358 Apo·

56 3383 173 3451 cryptam
189 3386 263 3445 illud,
291 3388 370 3453 qaod,
397 3387 494 3438 novitio
517 3394 594 3451 atque
612 3387 722 3451 antiquis
746 3387 834 3451 ignoto
852 3388 969 3444 nomine,
995 3385 1123 3437 Nicodenu'
1145 3388 1195 3438 dici

57 3481 226 3528 consueverat
244 3476 415 3544 Euuuqclr'urn,
433 3480 457 3529 id
476 3479 575 3544 ipsum,
593 3477 708 3546 Euanpp.
728 3494 809 3544 apocr.
828 3481 853 3530 in
872 3479 989 3543 Sylloge,
1007 3481 1042 3530 ite
1060 3495 1128 3530 nunc
1143 3480 1195 3529 edi·

57 3571 126 3621 disse
144 3569 259 3630 Tisch,
279 3580 316 3630 ut,
336 3572 437 3622 sublato
454 3573 499 3622 illo
518 3572 718 3630 nominassem
736 3586 849 3622 seorsum
866 3573 1007 3636 publicaret
1018 3573 1129 3630 libellos,
1143 3580 1195 3623 tres

58 3661 169 3722 Graece,
189 3670 240 3713 tres
254 3663 356 3724 Latine,
375 3666 419 3729 qui
437 3672 512 3716 autea
529 3664 657 3728 conjuncti
670 3680 749 3714 unum
767 3665 944 3715 continuerant
963 3663 1091 3716 Nicodemi
1107 3663 1194 3714 Euon-

56 3755 152 3820 peliunt.
171 3754 241 3816 Quos
255 3758 291 3808 ita
308 3758 436 3821 inscripsit
453 3758 567 3808 libellos:
586 3754 659 3806 Gerra
677 3756 757 3807 Pilrri
774 3755 866 3807 Graece
883 3757 907 3808 A
927 3765 949 3806 et
960 3757 999 3813 Be
1014 3783 1045 3795 -
1058 3758 1194 3808 Deeceusus

58 3845 152 3897 Christi
166 3847 200 3896 od
210 3846 309 3913 Inferna
320 3845 428 3910 Groeee;
439 3873 469 3880 -
481 3846 555 3898 Gesta
566 3846 644 3898 Paua
651 3847 755 3911 Lutiue;
764 3874 796 3884 -
804 3849 940 3898 Descenssrs
949 3847 1042 3900 Chrabd
1051 3848 1086 3899 ad
1096 3849 1195 3917 Inferet

57 3939 145 3990 Latine
164 3940 189 3990 A
206 3949 228 3990 et
244 3942 272 3990 B.
301 3940 348 3991 Cff.
362 3940 477 4008 Euuaqq.
495 3958 578 4007 apocr.
593 3940 710 4008 Prolepp.
724 3959 749 4007 p.
764 3942 828 3992 LIV
840 3959 911 4009 seqq.
940 3945 1193 4010 Veram,utrunque

58 4034 121 4082 baec
140 4035 382 4099 vocenturscripta,
402 4051 480 4100 quum
499 4038 530 4085 de
548 4036 589 4095 iis,
616 4043 669 4086 tum
689 4049 758 4092 vero,
780 4039 847 4100 quod
869 4037 952 4100 majos
970 4045 1019 4096 est,
1039 4039 1070 4088 de
1088 4040 1193 4088 historie

57 4125 154 4176 Christi
177 4129 368 4190 perpessionem
397 4143 427 4178 ac
451 4131 549 4188 mortis,
576 4129 706 4191 praeclare
729 4131 850 4181 meruisse
878 4133 939 4181 mibi
958 4131 1059 4182 ridetur
1082 4131 1192 4183 Criticus

56 4219 178 4282 idemque
197 4219 343 4283 Tireologus
361 4218 511 4287 Lipsiensis,

559 4375 693 4396 ..Φ-
