2782 4958
612 345 788 390 rnuouocrs.
1193 328 1256 392 153

109 519 166 578 cat
192 515 398 594 consuetudo,
424 513 482 579 sibi
506 514 604 578 indito
627 517 762 592 nomine,
791 513 1020 578 similitudinem
1044 536 1111 579 eum
1135 515 1256 601 quaesi-

109 632 211 711 visse,
238 635 328 715 atque
352 632 450 695 animo
473 652 536 694 sese
556 633 759 695 consociatum
778 630 927 694 indictsse
945 630 1089 696 traditum
1108 630 1170 717 legi
1186 652 1255 697 cum

108 743 341 808 Wilhelmo
376 744 626 818 Neumanno,
667 743 717 808 cui
753 743 917 828 plurimum
964 742 1110 820 debebat,
1149 747 1257 809 Amico

108 859 275 942 tinctique
293 859 387 943 ipsius
404 857 645 943 aqutflbaptismi
661 860 712 943 pio
727 864 815 922 teste.
847 857 975 937 Verum,
994 859 1098 922 eodem
1121 858 1258 923 adsumto

108 975 263 1050 nomine,
291 978 324 1041 ἐν
348 981 482 1061 Χριστῷ
508 981 666 1057 νεόφυτον
684 994 752 1037 eum
775 995 807 1036 se
829 973 994 1058 professum
1019 994 1083 1036 esse
1106 974 1258 1037 existima·

108 1089 229 1152 verim.
282 1087 436 1173 Quicquid
469 1089 527 1166 sit,
561 1088 627 1172 ejus
658 1088 826 1172 exemplum
858 1094 960 1153 secuta
993 1095 1105 1168 mater,
1139 1089 1257 1170 secuti,

107 1201 283 1266 commodo
313 1202 440 1286 quisque
468 1200 526 1264 sibi
551 1207 701 1286 tempore,
729 1208 760 1264 et
783 1200 848 1265 bini
870 1203 978 1266 fratres
1000 1209 1030 1267 et
1053 1208 1156 1267 ternam
1179 1224 1260 1266 soro·

107 1337 170 1379 res
195 1314 390 1400 baptizandas
406 1337 472 1380 sese
490 1314 791 1399 christianorumque
809 1316 902 1380 sacris
921 1317 1083 1381 initiandos
1102 1319 1259 1384 eurtrunt.

107 1429 264 1502 Quarum
288 1451 424 1494 sororum
447 1451 523 1516 quae
547 1435 643 1495 aetate
666 1430 764 1493 media
787 1437 869 1506 erat,
895 1429 968 1494 haee
990 1431 1092 1495 fratris
1117 1431 1260 1517 Aepueti,

108 1545 214 1628 cujus
245 1547 309 1609 vita
338 1543 455 1608 caelebs
482 1549 571 1628 atque
604 1545 721 1612 infirma
752 1545 892 1610 valetudo
923 1568 1038 1632 semper
1061 1547 1174 1611 alienae
1197 1547 1263 1632 opis

110 1659 289 1724 admodum
313 1661 417 1745 indiga
440 1666 519 1735 crat,
547 1661 693 1746 cujusque
715 1661 832 1724 animus
856 1661 939 1725 uulld
963 1683 1064 1726 rerum
1084 1662 1263 1726 domestica·

110 1794 194 1838 :rum
219 1776 294 1836 curt
316 1772 511 1858 tangebatur,
534 1773 626 1857 hujus
649 1775 745 1859 igitur
768 1776 969 1855 oeconomiae,
995 1797 1048 1860 per
1073 1780 1165 1862 totam
1181 1775 1264 1839 illius

113 1888 220 1951 uitam
244 1886 380 1966 virilem,
413 1887 500 1971 plane
523 1887 670 1972 singulari
693 1889 822 1972 praefuit
845 1889 1036 1967 constantia,
1070 1888 1150 1963 tide,
1176 1887 1264 1951 bene·

124 2002 274 2066 uolentia.
295 2040 338 2050 -
357 2006 459 2087 Atque
482 2001 533 2065 hic
556 2023 626 2065 saue
650 2002 782 2066 divinam
806 2002 941 2065 venerari
964 2007 1083 2086 oportet
1099 2001 1265 2066 Providen-

130 2117 215 2192 tiam,
241 2138 329 2200 quae,
355 2137 416 2201 quo
439 2115 558 2179 felicius
582 2114 737 2179 lectissimi
760 2115 872 2199 quique
895 2113 965 2179 Viri
988 2115 1088 2201 Regni
1112 2115 1264 2180 coelorum

133 2252 252 2294 caussae
275 2231 388 2295 servire
415 2230 532 2314 possint
554 2250 589 2292 ac
611 2229 771 2314 prodesse,
806 2250 892 2311 saepe
915 2228 1095 2312 optimarum
1118 2250 1265 2313 quarum·

132 2346 176 2408 vis
199 2344 365 2410 Mulierum
388 2345 557 2408 ministerio
581 2344 678 2407 utitur
702 2364 736 2406 ac
760 2341 917 2428 religione.
958 2342 1068 2426 Neque
1088 2345 1180 2424 euim,
1206 2345 1265 2408 nisi

133 2459 319 2524 Neandro
340 2464 371 2523 et
392 2459 455 2536 illa,
482 2478 571 2542 quam
594 2457 739 2534 diximus,
764 2461 813 2541 pia
832 2455 932 2520 Mater
951 2455 1120 2541 obtigisset,
1142 2463 1172 2522 et
1196 2479 1266 2521 con·
1342 2474 1344 2481 '

136 2575 317 2638 stantissima
348 2571 421 2637 haee
448 2573 526 2637 vitae
551 2573 744 2656 sociantque
768 2570 901 2654 adjutrix
933 2573 1136 2636 amantissima
1159 2573 1261 2651 Soror,

136 2686 344 2772 tumetipse,
371 2706 461 2769 quem
484 2707 589 2752 omues
611 2687 749 2751 admirati
771 2692 855 2763 sunt,
881 2707 1040 2752 urrunnu.

176 3025 263 3089 Haec
286 3027 431 3109 quidem,
464 3029 569 3108 utpote
603 3025 696 3111 vulgo
727 3027 828 3091 miuus
859 3031 954 3108 ueta,
977 3026 1078 3112 paullo
1100 3027 1270 3091 accuratius

138 3141 283 3206 narranda
304 3141 420 3225 putavi.
463 3140 511 3203 De
532 3142 670 3225 proximo
689 3141 811 3225 juvenis
835 3141 986 3206 curriculo
1008 3164 1104 3225 pauca
1121 3141 1195 3205 haec
1211 3143 1270 3205 lec·

137 3255 252 3320 toribus
274 3255 308 3318 in
332 3255 504 3319 memoriam
537 3276 678 3320 revocare
701 3257 861 3343 suffecerit.
909 3254 1052 3339 Aliquot,
1077 3261 1270 3340 posteaquam

139 3369 259 3435 Christo
289 3391 398 3433 nomeu
428 3369 569 3446 dederat,
602 3369 839 3434 hebdomadibus
865 3368 1024 3433 Haleusem
1048 3370 1125 3453 petit
1148 3369 1269 3434 Acade·

139 3485 248 3556 niam;
273 3481 326 3547 ubi
350 3483 437 3549 Juris
456 3483 660 3568 disciplinam,
682 3486 731 3549 cui
752 3486 876 3548 ineunte
894 3483 991 3546 studio
1010 3483 1177 3545 destinatus
1193 3487 1267 3561 erat,

141 3617 206 3662 eum
238 3596 422 3681 Theologid,
455 3598 570 3681 pectori
599 3619 653 3661 suo
682 3620 729 3662 rea
759 3598 876 3662 divinas
899 3597 1049 3682 appetenti
1080 3598 1176 3680 magis
1198 3597 1271 3660 arri·

141 3711 229 3776 deute
253 3711 325 3786 illa,
351 3710 437 3776 brevi
468 3714 707 3777 commutandam
730 3719 827 3797 putat.
876 3714 978 3797 Atque
1001 3711 1051 3775 hio
1074 3710 1188 3775 nullius
1209 3716 1271 3775 tam

142 3827 294 3893 studiosus
328 3826 448 3890 auditor
481 3827 540 3890 fuit
575 3826 732 3904 Decimio,
767 3850 857 3911 quam
888 3826 1268 3893 Schleiermacheri.

144 4027 295 4038 ——ssn-

175 4151 215 4203 De
232 4152 342 4212 caussis,
366 4167 431 4216 quae
449 4152 607 4204 Christianos
625 4156 743 4218 religioni
765 4155 956 4204 conciliaverint
977 4155 1176 4210 adolescentem,
1193 4152 1272 4202 multa

145 4242 247 4294 fabulati
264 4253 323 4294 sunt
339 4244 440 4295 Judaei.
460 4244 576 4304 Quorum
592 4263 653 4298 vcro
668 4250 807 4298 calumnias
819 4256 921 4297 strenue
932 4247 1025 4296 refellit
1042 4243 1270 4303 Van-Gilsius,

145 4333 287 4400 Theologus
306 4337 562 4395 Amstelodnmonsisc
582 4341 654 4403 cujus
672 4343 832 4404 postmodum
850 4339 992 4389 accuratius
1009 4352 1024 4386 a
1041 4337 1112 4386 nobis
1128 4337 1273 4386 laudabitur

147 4429 357 4494 elegantissimum
376 4432 406 4480 de
422 4431 457 4480 A.
477 4433 510 4481 N.
530 4434 776 4484 commentariolum.
980 4408 1007 4454 '⁴
