2782 4958
542 344 582 390 nn
604 345 799 390 sermenem.
1192 327 1234 391 25

110 509 183 586 buit
207 510 508 613 lloyaardsius,
547 511 725 584 orationem
769 508 806 580 dc
844 508 1003 581 lominum
1038 509 1235 609 pontiumque
1356 558 1359 563 -

109 639 256 710 varitate
275 639 310 709 in
333 635 533 709 Christianae
554 634 719 710 Societutis
741 634 886 707 Historid
914 633 1119 707 strewarde.
1170 634 1234 708 Ubi

108 754 140 829 id
176 760 329 858 imprimis
358 760 528 835 docentem
563 785 638 833 eum
666 759 868 848 audivimus,
898 784 999 859 quum
1027 759 1178 832 universi
1203 759 1237 832 in

106 877 242 957 historia
261 883 411 956 diversus
438 884 566 957 eluceat
585 883 752 956 hominum
769 882 1034 983 populorumque
1054 882 1235 972 character,

106 1007 241 1081 eandem
278 1005 396 1078 indolis
433 1032 547 1081 eorum
583 1006 803 1080 diversitatem
844 1007 1013 1079 Ecclesiae
1050 1005 1236 1104 siugulatim

106 1127 174 1203 ’atta
201 1130 424 1205 demonstrare
458 1155 496 1202 ac
527 1129 765 1204 conversiones.
817 1129 915 1216 Quod
931 1129 1054 1203 multis
1084 1129 1238 1228 deinceps

106 1252 272 1349 ngeniose
305 1254 423 1352 probat
453 1253 558 1327 allatis
589 1253 754 1353 exemplis.
807 1252 904 1327 Nulla
930 1277 1008 1326 sane
1033 1256 1154 1350 potuit,
1182 1253 1236 1325 illo

106 1374 245 1447 maxime
270 1389 432 1473 tempore,
463 1375 679 1474 opportunior
702 1373 744 1447 ab
768 1375 839 1473 ipso
864 1374 977 1448 baberi
1004 1375 1117 1449 oratio.
1167 1376 1237 1450 Nec

106 1516 186 1569 'ero
220 1496 304 1586 ulla,
337 1497 423 1571 unde
455 1497 653 1572 luculentius
682 1497 888 1571 auditoribus
923 1511 1110 1597 appareret,
1137 1525 1235 1600 quam

106 1621 186 1690 citu
203 1644 221 1690 a
239 1644 324 1691 novo
340 1612 483 1694 Doctore
501 1635 535 1695 et
551 1646 648 1721 quum
670 1621 801 1719 elegans
814 1621 1082 1699 Heusdianae
1102 1624 1237 1699 rationis

106 1760 195 1817 uam
223 1744 264 1816 ad
290 1743 491 1844 disciplinam
519 1744 738 1843 exspectanda
764 1759 850 1818 esset
875 1745 1049 1844 applicatio
1077 1746 1089 1845 (
1115 1748 1138 1845 ).

155 1866 309 1965 Ejusdem
331 1869 578 1967 Praeceptorem
599 1869 683 1941 inter
695 1880 728 1941 et
747 1868 952 1967 Discipulum
966 1875 1146 1942 cousensus
1158 1871 1237 1944 alte·

105 2006 174 2063 am
186 1990 346 2064 advocare
360 2016 488 2090 possem
501 2004 628 2078 testem,
648 1992 829 2065 ordinariae
841 1992 1054 2066 Prolessionis
1067 1993 1237 2090 auspican·

105 2102 167 2186 lae
183 2116 316 2199 caused,
333 2138 360 2185 a.
383 2115 477 2190 1826
502 2113 545 2186 ab
566 2114 621 2186 boo
640 2113 784 2187 habitam
807 2117 984 2188 orationem
1012 2115 1051 2188 de
1068 2115 1237 2214 Tlteolopid

105 2225 268 2310 'Jistoriod
285 2261 355 2308 oum
372 2235 407 2310 S.
425 2235 459 2309 C.
479 2238 621 2336 Emcpesi
641 2239 701 2309 rite
717 2236 895 2335 conjuncte,
912 2238 1025 2309 nostris
1044 2238 1239 2335 potissimum

105 2359 291 2458 emporibus
303 2361 338 2431 ia
355 2359 467 2460 Belqio
483 2360 654 2434 eucolcudd
673 2360 735 2459 (2).
767 2360 873 2446 Quam
892 2361 994 2458 ipsam
1016 2360 1132 2459 prioris
1152 2360 1238 2434 illius

105 2475 251 2557 luctore
273 2508 338 2555 nun
355 2483 518 2582 indignam
540 2485 639 2558 luisse
658 2482 816 2557 existimo.
848 2484 997 2557 Fuerunt
1016 2483 1147 2583 quidem
1169 2484 1237 2559 Viri

105 2596 192 2679 locti
228 2609 285 2707 qui
321 2608 523 2697 dubitarent,
558 2632 636 2681 num
674 2620 739 2678 tam
772 2605 886 2704 longe,
925 2631 1023 2706 quarn
1066 2607 1237 2681 laeientem

105 2730 277 2804 =udierant
298 2732 474 2830 Collegam,
498 2731 683 2831 Theoloqicc
702 2729 880 2803 Historicue
901 2727 982 2802 lines
1004 2744 1239 2804 esseutexten-

104 2847 221 2945 lendi‚
255 2881 316 2928 uec
352 2855 461 2930 videre
490 2881 526 2928 se
563 2853 795 2953 profiterentur
823 2853 856 2924 in
889 2852 1078 2952 disciplinae
1109 2868 1239 2930 nostrae

104 2978 256 3051 »artibus
273 2977 505 3053 distribuendis
522 2977 688 3077 quomodo
708 2976 769 3049 sibi
790 2975 987 3050 constitisset
1010 2977 1138 3050 Orator.
1173 2979 1238 3064 Qui

104 3124 195 3191 vero,
209 3101 300 3200 quod
319 3102 426 3175 minus
444 3102 488 3174 illi
507 3101 700 3201 probabant,
715 3100 748 3173 id
766 3125 830 3173 non
851 3113 915 3171 tam
940 3099 1011 3186 sibi,
1035 3126 1132 3200 quam
1151 3102 1239 3174 vocis

104 3225 329 3323 imbiguiteti‚
354 3224 563 3299 tribuendum
586 3249 658 3298 esse
677 3224 751 3322 jure
768 3247 927 3322 reponere
950 3221 1118 3321 potuisset.
1163 3224 1240 3296 His·

104 3348 206 3421 torico
226 3347 393 3446 Tlteolopia
413 3346 497 3422 enim
516 3373 615 3447 quum
637 3347 764 3421 diverso
786 3347 882 3421 modo
901 3346 964 3420 dici
984 3362 1090 3445 potest
1107 3360 1139 3420 et
1152 3347 1239 3421 dieta

104 3474 177 3546 est!
217 3471 317 3546 Modo
338 3471 436 3545 arctis
461 3496 532 3544 eam
555 3471 711 3545 inclusam
738 3469 879 3545 vidimus
897 3469 1036 3558 finibus,
1060 3471 1155 3545 modo
1173 3485 1239 3546 tam

121 3681 261 3689 ---.

146 3799 192 3869 (1)
212 3796 296 3852 Nunc
323 3795 407 3851 etiam
426 3794 590 3867 dignissima
609 3803 652 3850 est·
673 3795 741 3850 haec
761 3794 869 3861 oratio,
891 3794 919 3848 in
939 3793 1045 3850 Arndt.
1062 3795 1173 3865 reposita
1188 3793 1238 3849 Ae.

111 3897 287 3967 Rheno-Traj.
309 3913 336 3950 a.
353 3901 548 3963 lete-1824,
570 3913 642 3968 quae
663 3895 795 3950 meditate
815 3895 936 3966 legatur.
966 3895 1009 3949 Ab
1030 3893 1063 3949 iis
1083 3892 1150 3966 ipsis
1167 3892 1240 3948 enim

111 4014 170 4051 enm
189 3997 331 4050 laudatum
351 3995 456 4063 audivi,
477 3995 526 4068 qui
542 3994 695 4050 Heusdii
714 3994 851 4049 rationem
871 4011 921 4050 nee
940 3995 1128 4065 sequebantur
1147 4009 1197 4047 nee
1212 3993 1241 4047 iu

113 4095 239 4149 omuibus
258 4095 424 4168 probabant.
464 4093 499 4148 In
521 4094 718 4165 quibuscum,
740 4093 810 4148 alios
836 4110 1059 4162 rememorem,
1080 4091 1241 4163 Heringa

113 4194 146 4249 lt.
166 4196 202 4250 F.
222 4225 259 4237 -
281 4192 428 4250 Orationis
444 4210 579 4248 summam
600 4201 727 4249 accurate
747 4192 844 4248 retulit
863 4208 895 4247 ac
904 4193 1047 4264 palmarem
1066 4209 1127 4246 eam
1146 4197 1240 4260 vocat,

114 4293 159 4365 qni
178 4312 250 4348 unus
270 4294 358 4348 instar
372 4292 494 4347 omnium
514 4292 594 4348 nobis
614 4293 661 4360 eit,
677 4291 870 4347 Donkerus
885 4291 1053 4358 Curtius,
1074 4289 1103 4345 in
1123 4290 1241 4363 Ephem.

115 4391 195 4462 der.
213 4401 249 4446 tot
261 4395 292 4447 de
312 4391 456 4462 beoefeniap
474 4409 505 4447 en
522 4393 607 4462 pesek.
626 4395 672 4449 der
694 4391 798 4462 Godpel.
813 4394 940 4448 metauri.
962 4391 1032 4447 XII.
1050 4396 1076 4446 1.
1094 4409 1120 4464 p.
1141 4398 1241 4446 1-14.

150 4493 196 4566 (t)
216 4493 365 4549 Memorati
386 4492 460 4547 vidd.
481 4493 608 4558 Annales,
630 4511 653 4548 a.
677 4498 872 4548 1826-1827.
