2782 4958
631 337 798 380 BBEVIORES

42 682 45 691 Φ
124 745 127 751 ’
192 728 326 793 Tandem
355 726 501 810 Theologi
532 726 710 810 scriptorum
736 723 840 804 brevi,
878 745 967 808 quam
991 746 1069 811 pop.
1099 729 1280 792 uae—344

146 840 409 926 consignavimus,
445 841 594 905 notationi
617 839 810 925 posthumum
835 861 910 925 opus
936 838 1075 915 addatur,
1104 840 1189 924 quod
1210 832 1280 926 poet

25 1035 29 1041 ὁ
134 957 210 1042 soto
232 955 400 1040 loquentem
417 975 485 1019 aum
503 953 645 1018 informat
668 974 703 1020 ac
721 957 924 1039 repraesentat
944 953 1009 1039 (1).
1057 952 1202 1038 Optimae
1219 957 1279 1020 sru-

142 1072 191 1156 gis
217 1067 296 1134 liber
318 1067 589 1153 pulcherrimorum
610 1084 799 1151 quorumque
818 1064 966 1143 locorum,
992 1087 1029 1131 ex
1047 1066 1175 1131 ineditis
1200 1069 1278 1134 Aue·

143 1186 220 1249 toris
250 1181 440 1249 orationibus
468 1183 562 1247 sacris
591 1178 790 1258 selectorum,
823 1180 940 1266 largum
970 1181 1057 1245 effert
1076 1186 1277 1265 proventum.

143 1299 209 1372 Qui
230 1299 291 1364 loci
312 1299 393 1383 quod
413 1299 573 1362 concinno
594 1296 701 1362 ordine
722 1296 835 1382 digesti
866 1302 938 1361 sunt
960 1300 1050 1382 atque
1076 1296 1114 1361 ad
1132 1318 1190 1362 sua
1211 1299 1279 1382 qui·

140 1434 200 1497 que
227 1413 324 1499 capita
346 1412 456 1490 relati,
478 1410 618 1477 Editocis
642 1431 731 1477 curae
759 1410 905 1475 debemus
925 1431 961 1475 ac
981 1409 1182 1495 prudentiae,
1207 1413 1279 1476 doc·

139 1527 251 1591 tissimi
271 1526 310 1590 1⁴¹.
339 1523 383 1592 H.
412 1525 452 1590 G.
486 1545 558 1590 rau
588 1524 778 1590 Ittersou.
825 1522 901 1601 Qui,
926 1545 1015 1609 quam
1035 1524 1180 1609 pietatem
1207 1547 1279 1612 erga

140 1639 370 1724 Praeceptorem
399 1639 547 1705 virentem
575 1659 610 1704 ac
639 1639 817 1704 morientem
850 1638 1126 1721 demonstraverat,
1151 1640 1277 1734 eaodem

141 1775 214 1840 erga
237 1758 389 1822 mortuum
410 1750 510 1818 uerbis
532 1752 680 1838 lactisque
697 1752 876 1818 cumulavit.
892 1791 931 1803 -
957 1755 997 1819 In
1017 1753 1075 1820 hoc
1097 1756 1277 1842 singulatim

140 1889 229 1955 opere
249 1867 365 1933 mendo
390 1869 451 1953 qud
473 1866 636 1951 diligentia
653 1873 790 1932 uersatus
811 1867 853 1934 sit
873 1889 908 1933 ac
931 1867 1094 1956 religione,
1117 1871 1225 1953 testis,
1250 1873 1276 1935 si

138 1983 323 2069 quisalius,
346 2004 405 2069 ego
432 2003 498 2047 sum
524 1981 668 2067 locuples.
715 1981 775 2046 cui
798 1982 909 2047 multas
930 1983 1121 2048 Clarissii
1143 1985 1276 2050 scidulas

134 2098 264 2162 ineditas
275 2097 476 2183 perlustrandi
493 2098 609 2183 copiam
621 2097 694 2162 lecit
702 2097 772 2163 Viri
787 2097 949 2162 venerandi
968 2097 1138 2162 humanitas
1157 2098 1219 2188 (2)
1232 2138 1274 2149 —

135 2210 185 2277 De
201 2210 413 2297 praefatione,
437 2213 498 2296 qud
520 2211 674 2297 eleganter
689 2212 802 2296 scripta
820 2209 933 2276 librum
952 2213 1089 2291 ornavit,
1110 2216 1274 2298 quominus

134 2325 230 2392 multa
246 2327 342 2391 dicam
359 2332 457 2391 metus
472 2324 624 2410 prohibet,
642 2348 681 2391 ue
696 2346 772 2410 quae
785 2326 876 2390 nimis
893 2323 1037 2392 benevole
1055 2326 1092 2391 de
1108 2332 1177 2392 meat
1198 2351 1272 2414 qua·

134 2439 277 2524 licunque
300 2440 422 2524 scripsit
437 2442 609 2505 narratione
627 2441 736 2524 judicii
749 2441 956 2525 iutegritatem
978 2440 1131 2507 inflexisse
1149 2443 1271 2507 videan-

133 2559 195 2620 tur.
220 2554 371 2625 Quocirca
388 2555 420 2618 id
439 2576 533 2619 unum
553 2555 679 2632 affirmo,
695 2554 784 2619 Olar
795 2555 885 2620 issii
909 2555 947 2619 de
962 2557 1055 2620 sacris
1073 2557 1271 2622 concionibus

134 2690 296 2752 earumque
313 2671 497 2754 praestoutid
521 2670 547 2733 si
570 2670 639 2753 quis
657 2674 796 2734 accurate
818 2669 920 2736 doceri
944 2670 1036 2748 velit,
1058 2669 1131 2734 huie
1151 2671 1270 2737 Itten

133 2785 238 2848 souii
262 2783 413 2868 imprimis
439 2784 553 2847 monita
577 2784 759 2848 consulenda
781 2806 858 2850 esse.
883 2820 930 2834 -·
951 2785 1010 2850 Sed
1030 2785 1102 2869 quid
1124 2787 1269 2871 estquod

133 2919 232 2963 meum
251 2897 389 2984 pluribus
412 2897 463 2962 hle
486 2919 630 2984 exponam
650 2899 825 2984 judicium?
870 2898 984 2964 Omnes
1003 2900 1101 2977 euim,
1120 2907 1268 2984 quantum

132 3012 288 3112 norimus,
323 3011 469 3102 librorum
493 3013 641 3078 Censores
665 3013 881 3078 Nederlaudici
906 3016 938 3079 iu
960 3015 1059 3098 iisque
1081 3013 1128 3080 illi
1154 3018 1265 3094 etiam,

131 3379 207 3431 Tem.
224 3378 301 3429 XIV.
319 3380 351 3430 P.
369 3379 405 3430 11.
425 3393 448 3442 p.
468 3381 619 3440 457-467,
646 3379 723 3429 Tom.
742 3377 922 3435 xv1.1>.11.
939 3393 965 3444 p
986 3384 1085 3439 1-12,
1106 3393 1134 3442 p.
1150 3385 1266 3431 45-55.

130 3471 168 3523 Cf.
189 3472 274 3523 Olor.
293 3471 366 3538 Epir.
385 3471 489 3538 Enopol.
509 3470 576 3522 tleeol.
593 3488 619 3536 p.
637 3477 695 3522 ⁴29.

164 3565 204 3627 (1)
221 3565 373 3615 Inscribitur
389 3578 468 3628 opus:
486 3561 505 3611 J
512 3576 631 3613 oannes
656 3559 801 3613 Clarisse
818 3562 948 3628 eprehendo
963 3562 1037 3614 erodet
1052 3564 1087 3631 iay
1097 3573 1221 3629 pestoroen
1236 3568 1266 3616 ie.

128 3655 156 3708 E
157 3673 185 3706 en
201 3655 303 3707 leceboale
318 3673 374 3707 voor
391 3656 428 3705 het
440 3655 575 3721 Oin'stelaj'le
591 3656 721 3721 hurspczia.
757 3655 814 3707 Met
826 3667 923 3722 peraret.
940 3658 1054 3720 Arnlem,
1074 3663 1148 3708 1850.
1167 3659 1267 3710 xxvl

129 3765 204 3814 pagg.
221 3750 334 3800 Editoris
359 3750 473 3800 eontinet
498 3749 634 3813 praefatiot
658 3755 708 3800 438
731 3765 806 3815 pagg.
825 3752 879 3816 ipse
897 3751 977 3812 liber,
997 3752 1074 3801 nitide
1092 3766 1203 3802 excusus
1221 3754 1266 3804 ille

101 3868 107 3876 -
128 3847 204 3904 atque
221 3842 359 3904 eleganter.

162 3930 203 3995 (2)
220 3932 310 3997 Neque
327 3933 423 3996 igitur,
440 3934 468 3983 in
492 3935 562 3984 tantu
578 3934 694 3983 locorum
717 3935 868 3984 selectorum
892 3935 1046 3999 praestantii
1063 3936 1184 3999 tantaque
1202 3935 1264 3988 Viri

96 4095 100 4100 ν
128 4027 266 4076 reuerendi
288 4028 366 4086 curt,
387 4028 514 4090 estquod
536 4027 612 4076 solite
633 4027 674 4078 hio
692 4034 808 4085 utamur.
830 4041 906 4092 qnam
924 4029 1058 4091 posthuma
1075 4029 1196 4094 pleraque
1214 4032 1262 4081 sibi

126 4120 220 4182 scripta
236 4119 386 4184 requirunt,
407 4120 584 4171 excusatione:
691 4118 694 4124 '

313 4210 425 4277 »Quoque
439 4213 516 4278 acopis
525 4215 632 4278 firoeor,
652 4229 696 4262 aon
715 4221 771 4263 rant
787 4213 844 4263 laec
861 4212 923 4262 edito
938 4214 969 4263 ob
986 4214 1053 4278 ipso,

347 4303 414 4357 »sad
426 4305 497 4370 quasi
512 4305 541 4355 da
556 4305 739 4369 dominisonere
754 4314 825 4370 rapto
843 4306 905 4356 sai.''

159 4394 284 4463 (Ovidii
304 4397 379 4450 Trici.
399 4397 432 4450 L.
452 4401 475 4450 Ι.
495 4397 566 4465 Elep.
586 4400 640 4451 vn
659 4402 706 4451 aab
722 4401 818 4463 finem).
