2782 4958
562 351 602 393 Du
624 349 824 393 ROYAARDSIO·

174 643 243 718 Sed
266 642 352 716 aliud
368 641 562 715 monendum
589 653 647 713 est.
675 642 849 740 Nunquam
876 641 917 714 ab
941 643 1059 716 irenicd
1073 643 1126 716 itta
1143 657 1175 716 ct
1194 669 1255 742 pa-

123 767 221 840 cifica
245 767 436 863 Theologid‚
464 791 523 838 nec
551 765 581 837 in
615 764 779 837 dexteram
809 765 908 837 aciem
941 791 1001 838 nec
1033 766 1063 838 in
1093 765 1253 839 sinistram

120 891 289 978 inclinata,
304 916 375 962 sese
388 889 480 960 avetli
497 913 610 985 passus
623 902 671 960 est
689 890 772 984 Roy
783 913 825 959 aa
836 888 878 959 rd
889 888 920 959 si
934 915 986 977 uc,
1006 915 1114 987 quam,
1128 896 1255 962 summa

118 1039 200 1086 cum
217 1012 357 1108 Collegis
372 1009 544 1083 concordia
557 1014 700 1108 junctus,
716 1025 901 1083 constanter
920 1011 1143 1108 profitebatur.
1171 1014 1252 1083 Eam

117 1136 198 1213 dico
235 1136 459 1233 Tbeotngiam,
491 1160 588 1233 quae,
617 1135 758 1206 humana
790 1136 1080 1233 omnipostposita
1112 1135 1256 1209 auctori-

119 1273 202 1348 tate,
216 1261 364 1331 Divinam
386 1259 558 1354 Euangelii
573 1283 684 1331 vocem
710 1283 748 1328 ac
773 1260 939 1330 veritatem
958 1257 1094 1330 fidenter
1113 1259 1256 1355 amplec-

118 1385 208 1456 titur
225 1408 263 1455 ac
283 1383 336 1480 pie
353 1382 510 1481 seqnitur.
539 1383 644 1467 Quam
666 1406 743 1452 vero
764 1382 833 1477 ejus
853 1381 1065 1453 constantiam
1087 1407 1142 1453 eos
1160 1406 1256 1478 aegre

118 1505 250 1593 tulisse,
287 1507 343 1605 qui
371 1506 402 1576 in
425 1530 501 1577 suas
527 1529 600 1575 eum
629 1519 736 1600 partes
765 1503 953 1599 pertrahere
980 1504 1166 1602 cupierant,
1191 1530 1254 1576 non

118 1645 172 1703 est
197 1627 383 1726 sanequod
411 1629 574 1698 miremur.
627 1628 743 1698 Nescio
766 1639 873 1699 antem
897 1653 937 1698 an
959 1653 1071 1699 eorum
1095 1629 1256 1700 nonnulli

120 1753 207 1840 sint,
237 1751 292 1849 qui
321 1750 409 1848 quod
431 1776 449 1822 a
468 1751 595 1821 vivente
616 1749 787 1845 impetrare
804 1774 867 1820 non
890 1749 1254 1847 potueruntTheologo,

118 1874 246 1971 jamin
277 1872 431 1946 defuncto
451 1873 569 1944 frustra
600 1885 758 1969 quaerant
788 1897 825 1942 ac
850 1872 950 1944 fuisse
975 1871 1107 1969 fingant.
1160 1875 1255 1946 Certe

121 1997 168 2070 ita
193 1995 353 2088 subinde,
381 1995 469 2067 vocis
489 1993 699 2087 ambiguitate
723 1995 834 2080 abusi,
855 1995 1013 2066 liberatem
1027 2020 1100 2067 eum
1120 1996 1255 2066 commi-

122 2121 307 2207 niscuntur,
326 2117 418 2216 quasi
435 2114 693 2212 Potoeotoqorum
706 2116 847 2215 quidem,
866 2117 945 2190 alios
958 2118 1253 2207 condemnantium,

125 2245 246 2316 fastum
272 2240 457 2338 judicialem
484 2240 733 2336 reprobraverit,
762 2256 859 2338 atque
885 2267 903 2313 a
929 2241 1112 2339 dogmatica
1141 2267 1254 2315 eorum

123 2370 296 2439 severitate
316 2363 525 2435 abhorruerit
551 2361 650 2458 (quod
675 2388 750 2435 vere
768 2363 911 2461 dicitur);
938 2364 995 2437 scd
1017 2365 1054 2435 iis
1075 2363 1252 2437 adversan-

123 2491 203 2562 tium
217 2491 413 2562 Nooutorom
424 2487 586 2559 levitatem
601 2501 633 2558 et
646 2485 813 2558 audaciam
829 2502 860 2559 et
874 2488 905 2557 in
920 2486 1144 2559 dissentientes
1156 2513 1254 2586 quos-

120 2638 187 2712 que
206 2612 427 2695 acerbitatem,
443 2607 568 2707 placido
583 2623 695 2681 contra
714 2635 773 2682 nec
788 2610 973 2707 indignante
987 2613 1103 2699 animo,
1116 2611 1253 2684 sanctis-

120 2737 201 2815 sima
227 2759 378 2833 quaeque
405 2732 652 2804 labefactantem
680 2731 863 2829 adspexerit
889 2758 926 2804 ac
952 2734 1185 2830 profanantem.
1207 2780 1252 2792 -

120 2861 243 2931 Verum
271 2857 435 2929 enimvero
460 2855 540 2927 haec
566 2854 747 2953 similiaque
770 2856 810 2961 de
837 2881 907 2929 sese
928 2863 1053 2955 suaque
1074 2858 1113 2930 de
1143 2859 1252 2933 Theo-

122 2981 208 3078 logia
250 2992 431 3053 commenta
461 3003 558 3076 quam
598 2977 767 3071 facillime,
797 2980 896 3052 rebus
926 2980 952 3050 si
985 2980 1068 3053 sorte
1102 2983 1253 3058 humanis

122 3105 285 3192 redditus,
305 3103 423 3176 erroris
443 3102 637 3175 convincere
659 3115 775 3198 posset,
830 3103 889 3173 Cui
914 3103 1046 3175 consitio
1065 3106 1144 3202 quid
1164 3110 1252 3181 atiud

121 3226 361 3326 requireretur,
389 3226 449 3296 nisi
482 3237 517 3295 ut
552 3249 589 3295 ea
627 3223 755 3296 afferret
790 3250 828 3302 ac
861 3238 1069 3313 monstraret,
1103 3253 1187 3325 quac
1220 3231 1251 3301 in

124 3351 281 3422 Historiae
301 3349 537 3420 Ecclesiasticae
559 3372 660 3444 quum
686 3346 880 3444 Comparatio,
907 3361 974 3419 tum
997 3349 1132 3420 Arabico
1155 3353 1252 3448 potis·

122 3472 257 3558 simum,
292 3471 410 3569 passim
439 3469 479 3542 de
511 3471 711 3564 Refornrutue
744 3471 912 3542 Societatis
938 3470 1050 3559 initiis,
1075 3474 1250 3572 principio,

122 3595 257 3668 historia
268 3595 467 3691 juribusque
489 3594 604 3665 iterum
625 3594 807 3690 iterumque
833 3592 1009 3666 tradiderat
1025 3621 1062 3668 ac
1076 3597 1253 3694 judicarat?

122 3720 214 3804 Quae
236 3742 314 3789 sane
336 3715 538 3813 ejusjudicia
556 3716 673 3800 omnia,
698 3729 820 3814 quanto
844 3716 949 3812 spatio
966 3716 1007 3788 ab
1028 3719 1252 3793 Intoleruntioe

123 3844 313 3931 bumilitate,
336 3858 426 3916 tanto
444 3868 504 3915 nec
521 3843 645 3916 minore
667 3843 708 3914 ab
726 3843 962 3939 indifferentiae
981 3843 1110 3915 levitate
1130 3860 1252 3918 remota

122 3981 324 4066 apparerent.
361 3966 472 4065 Atque
490 3966 602 4038 eodem
628 3965 776 4052 consilio,
805 3991 864 4037 nec
892 3964 991 4062 magis
1008 3966 1251 4063 incertojudicii

124 4091 219 4179 exitu,
247 4089 289 4162 ad
313 4089 443 4162 easdem
465 4089 505 4161 de
527 4115 597 4162 sese
621 4087 888 4160 inconsideratius
907 4087 1040 4159 emissas
1057 4114 1153 4160 voces
1167 4091 1252 4163 resu-

122 4214 253 4300 tandas,
288 4227 386 4286 testes
416 4213 575 4286 advocare
601 4227 710 4311 posset
739 4213 932 4299 concionum,
970 4237 1052 4310 quas
1088 4212 1248 4303 ediderat,

120 4361 283 4410 currerunt
309 4337 398 4409 locos
421 4337 616 4434 complures,
636 4336 756 4434 quibus
776 4336 869 4432 plane
890 4335 950 4406 sibi
966 4360 1155 4431 persuasum
1180 4364 1250 4412 esse

121 4459 259 4535 candide
276 4460 443 4558 professus
472 4473 559 4548 erat,
596 4474 633 4532 ut
656 4459 802 4557 depressi
828 4458 925 4556 hujus
949 4458 1034 4532 vitae
1056 4461 1147 4533 malis
1167 4488 1250 4537 mor-
