2782 4958
728 350 881 394 Namusam

286 639 357 711 Hoc
382 649 490 710 autem
520 638 755 736 Compendium
785 639 829 725 si,
857 664 896 712 ex
927 642 1075 738 proximo
1101 653 1189 715 certe
1212 641 1332 715 Auctoris

239 760 389 847 consilio,
414 786 493 859 prae
517 761 653 833 caeteris
679 759 782 859 ipsius
799 762 968 860 spectabat
988 763 1168 837 Auditores
1187 788 1335 864 eorumque

239 885 377 957 maxime
400 884 578 956 commodis
603 884 812 974 inserviebam
841 883 936 982 longe
962 885 1059 958 latius
1080 890 1189 985 operis
1208 912 1282 959 usus
1299 912 1341 984 pa-

238 1021 298 1094 tet,
318 1008 359 1081 de
377 1034 444 1107 quo
463 1009 576 1106 paucis
593 1009 659 1104 jam
681 1008 853 1082 dicendum
876 1010 971 1082 nobis
995 1010 1103 1083 instat.
1130 1011 1341 1082 Promtucrimr

238 1129 399 1228 significo,
426 1129 515 1230 quod
541 1130 663 1201 Kistii
697 1156 735 1203 ac
760 1133 998 1232 Royaardsii
1032 1135 1134 1207 nostri
1164 1135 1345 1206 consociatae

238 1280 337 1328 curae
356 1255 514 1328 debemus
540 1267 639 1353 atque
661 1279 787 1352 operae.
841 1256 889 1328 llli
916 1257 1017 1342 enim,
1048 1283 1077 1330 a.
1102 1257 1356 1348 laza-tatt,

239 1385 357 1480 magna
384 1396 416 1455 et
439 1383 620 1456 constantia
648 1395 680 1455 et
711 1380 863 1454 felicitate
893 1404 952 1452 nec
984 1379 1183 1477 refrigeratis
1212 1379 1352 1455 lectorum

238 1505 372 1594 studiis,
399 1532 483 1604 opus
515 1504 710 1594 ediderunt,=
734 1503 847 1602 viginti
875 1502 1048 1575 Volumina
1079 1503 1297 1601 complexum,
1318 1513 1361 1574 ut

240 1628 324 1702 mole
349 1628 512 1727 amplum,
539 1629 585 1702 sic
610 1643 803 1726 argumento
829 1627 1065 1723 gravissimum.
1116 1626 1216 1713 Quod
1248 1623 1353 1725 quoin

240 1776 359 1850 genere
390 1747 537 1825 versetur
561 1751 688 1837 docent,
709 1751 831 1849 quibus
858 1750 995 1845 majores
1019 1749 1129 1846 operis
1153 1750 1280 1841 Partes,
1296 1747 1356 1819 sire

238 1874 359 1964 Series,
386 1888 542 1948 notantur
557 1900 594 1947 ac
608 1873 862 1972 distinguuntur,
877 1872 1112 1969 inscriptiones.
1148 1873 1261 1945 Priora
1282 1871 1346 1944 enim

238 2001 285 2071 XI
304 1999 478 2074 Volumina
498 2001 660 2072 Historiae
673 1999 913 2071 Ecclesiasticus
933 1997 1105 2069 Arabicum
1127 1995 1345 2080 inscribuntur;

237 2124 417 2219 posteriora
431 2124 487 2210 IX,
502 2120 682 2219 paullulum
695 2136 819 2195 mutato
834 2121 944 2193 titulo:
960 2119 1120 2190 Historiae
1133 2119 1345 2191 Ecclesiasticus
1368 2200 1372 2207 Ι

237 2244 409 2318 Arabicum
428 2246 696 2319 Nederluadicom
720 2246 783 2343 (l)
826 2247 921 2330 Quae
940 2241 1072 2342 quidem
1092 2244 1157 2314 XX
1179 2242 1344 2328 Volumina,

235 2368 370 2467 adjectis
407 2371 561 2443 conclusa
595 2369 856 2468 locupletissimis
883 2367 1056 2456 lodicibus,
1094 2392 1211 2440 recens
1243 2365 1347 2464 excepit

237 2518 334 2590 opus,
360 2492 448 2593 quod
468 2493 672 2567 inscribitur:
696 2493 855 2565 Historiae
875 2492 975 2580 Eecl,
998 2492 1139 2563 monime
1160 2488 1348 2564 Nederlnrdi

236 2640 300 2705 cue,
318 2640 432 2688 aarum
448 2616 629 2690 Arcbioum.
667 2616 731 2689 Sed
755 2617 850 2712 cujus
867 2616 959 2712 prius
982 2629 1108 2688 tantum
1131 2615 1304 2701 Volumeu,
1322 2623 1349 2683 ut

237 2741 270 2810 in
293 2739 518 2837 superioribus
548 2742 707 2829 lacerant,
732 2742 908 2837 conjuncta
938 2741 1038 2837 operat
1067 2737 1166 2810 edere
1192 2744 1350 2836 potuerunt

237 2861 322 2950 bini,
346 2887 430 2962 quos
447 2863 595 2952 diximus,
620 2863 688 2936 Viri
709 2863 898 2962 gravissimi.
926 2861 1070 2934 Alteram
1087 2859 1172 2933 enim
1189 2858 1350 2944 Volumen,
1381 2836 1385 2941 l

237 2984 327 3082 quod
343 2985 432 3056 solus
447 2984 547 3057 edidit
564 2986 739 3076 Kistius,
763 2984 951 3074 funebrem,
975 2984 1184 3083 prohdolor!
1204 2985 1351 3058 continere
1383 3004 1385 3009 ·

237 3105 362 3192 debuit,
378 3111 444 3207 qud
470 3109 565 3181 Socio
590 3108 776 3182 fidelissimo
797 3123 897 3208 atque
922 3109 1039 3182 Amico
1067 3120 1271 3207 parentaret,
1295 3106 1355 3213 lau·¹

236 3227 408 3303 dationem.
461 3233 578 3303 Totum
602 3232 701 3329 igitur
722 3231 784 3305 hoc
807 3258 890 3330 opus
917 3233 1003 3330 (nam
1025 3230 1067 3304 de
1083 3230 1197 3304 solidis
1220 3231 1349 3312 dicimus,

235 3377 320 3450 quae
348 3355 616 3440 memoravimus,
642 3354 738 3426 XXll
761 3355 1002 3442 Voluminibns,
1018 3356 1141 3452 majore
1159 3354 1270 3454 aliqua
1288 3352 1349 3426 titu-

272 3702 319 3774 (1)
339 3701 389 3771 Iis,
412 3716 483 3772 qnos
502 3701 632 3768 diximus,
651 3701 730 3755 annis
750 3701 845 3756 Laidos
863 3701 967 3755 editum
992 3717 1063 3771 opus
1076 3699 1173 3770 lingue
1192 3699 1346 3754 dicitnrvcr·
1383 3672 1385 3687 Ι

234 3801 349 3855 nacula:
367 3801 479 3869 Arebr‘ef
489 3819 548 3855 onor
565 3801 708 3871 Kerkelrjloe
726 3799 920 3870 Gescbiedenis5
934 3831 968 3842 -
982 3800 1177 3853 Nederlundsclr
1191 3796 1298 3866 Aretias
1301 3808 1345 3848 uolt
1382 3782 1385 3883 Ι

236 3900 318 3954 Kerle.
337 3899 466 3954 Gescltied.
506 3900 681 3972 Quamquam
701 3899 857 3972 posteriora
876 3899 924 3952 illa
942 3897 1094 3953 Volumina
1115 3896 1160 3952 IX
1186 3897 1252 3953 item
1270 3894 1343 3950 dicun·

233 4006 288 4068 tur,
310 4000 473 4056 continuato
486 4000 582 4055 titulo:
600 3999 712 4067 Aretias
718 4015 778 4052 acor
795 3999 876 4053 Kerls.
898 3996 987 4052 Gesct.
1009 3998 1045 4055 D.
1056 3994 1223 4051 XII—XX.
1235 4027 1269 4038 -
1280 3988 1342 4058 Quot

232 4117 300 4153 mox
319 4099 348 4152 in
375 4106 455 4153 textu
475 4099 649 4166 laudabitur,
672 4116 774 4153 novum
794 4115 863 4170 opus
890 4098 987 4151 eadem
1015 4096 1118 4151 dicitur
1137 4096 1234 4167 lingua
1257 4089 1339 4167 pauit:

234 4197 326 4253 Nieuou
348 4199 460 4273 Arcloo'ef
475 4216 534 4251 ouer
558 4198 639 4253 Kerlc.
664 4197 755 4252 Gaea.
785 4197 962 4251 iaznriderloeid
983 4214 1034 4248 varo
1060 4185 1337 4265 Neuertana,Vot.1;

233 4295 304 4347 Sez‘d.
329 4299 412 4363 1852,
435 4293 500 4350 Vol.
520 4295 561 4362 ΙΙ,
583 4296 646 4349 rbid.
667 4299 748 4348 1855.
789 4295 864 4348 Toto
887 4294 922 4348 de
942 4311 1025 4366 opere
1048 4311 1136 4366 pauca
1157 4312 1208 4350 nos
1227 4291 1336 4349 uirium

230 4392 318 4460 praefi
337 4396 372 4446 ad
387 4411 426 4448 or·
447 4411 470 4447 s.
489 4396 520 4449 de
537 4394 573 4449 H.
596 4395 627 4451 J,
649 4394 685 4448 R.
706 4411 734 4465 p.
754 4393 807 4461 IX,
830 4393 910 4465 plura
929 4410 961 4449 ac
980 4393 1111 4466 graviora
1131 4393 1284 4460 Kistius,
1301 4381 1334 4439 ll·

233 4505 261 4559 p.
280 4494 332 4543 421
355 4507 417 4562 sqq.
