2782 4958
587 346 764 391 cneocoors.
795 369 802 383 „
1184 327 1246 393 loe

105 532 195 598 pore,
215 511 345 596 majores
361 511 475 596 aliquas
490 512 625 580 noctium
641 516 752 596 partes,
770 511 863 580 immo
879 508 989 579 solidas
1004 508 1132 579 subinde
1147 517 1250 582 noema

105 649 292 699 muaumera
314 649 376 694 non
399 625 566 697 dubitabat.
614 628 714 711 etque
737 625 842 693 eodem
865 631 1000 710 tempore
1023 625 1176 696 Historiae
1202 627 1250 696 vel

105 741 344 811 Ecclesiasticae
377 741 425 811 vel
456 741 563 811 Civilis
594 742 744 809 Doctores
775 739 1021 808 Haerenium
1056 739 1196 805 audiebat
1219 747 1249 806 et

105 855 387 927 stenensium
419 861 450 923 et
480 877 568 930 eum,
598 876 687 938 quem
720 856 842 923 memmi
874 853 996 938 quidem
1019 851 1168 927 faciebat,
1193 875 1249 922 aee

105 975 212 1038 tamen
237 972 270 1037 in
291 968 435 1037 omnibus
458 967 649 1053 sequebatur.
672 967 920 1035 Plauekium.
945 1003 989 1015 —
1016 967 1166 1051 ostringa
1187 988 1250 1035 aaa·
1302 1012 1304 1020 -

105 1085 178 1168 pins
203 1081 418 1169 Hambnrgnm
448 1103 627 1158 excurrens,
657 1088 688 1146 et
710 1082 778 1147 aliis
806 1104 875 1146 cum
899 1082 985 1147 Viris
1009 1081 1108 1149 doctis
1132 1082 1249 1165 piisque

105 1198 289 1263 interiorem
306 1197 455 1261 contraxit
469 1197 609 1261 notitiam
626 1201 668 1271 et,
686 1196 769 1262 illius
785 1182 917 1261 ciuitatis
931 1197 965 1260 in
978 1197 1104 1274 vicinis,
1120 1196 1249 1261 Wands·

105 1311 240 1376 bechiae
262 1333 332 1376 oum
356 1310 527 1376 Matthia
557 1310 738 1379 Claudio.
788 1311 927 1383 Quorum
952 1311 1100 1396 colloquia
1123 1332 1157 1374 ac
1185 1332 1247 1375 mo·

105 1428 180 1495 nita
215 1431 321 1510 sponte
351 1427 384 1495 in
411 1426 554 1510 pietatem
582 1426 748 1510 proclivem
777 1425 842 1508 ejus
874 1425 1007 1492 animum
1039 1425 1082 1488 ita
1113 1444 1248 1490 commo·

105 1539 241 1614 cabant,
255 1546 300 1604 ¹ut
322 1561 359 1605 ex
378 1539 673 1624 praesummatis
695 1537 794 1603 adhuc
815 1538 928 1614 suerat,
951 1536 1038 1622 plaem
1061 1537 1250 1622 ecceepeuem

105 1655 291 1723 redderetur
314 1654 373 1721 Dei
396 1651 517 1733 caltor;
545 1653 633 1736 cnjus
648 1652 711 1736 jem
729 1655 835 1736 pectus
853 1671 906 1736 per
924 1652 1016 1719 unius
1035 1650 1150 1717 Christi
1167 1672 1249 1717 amo·

105 1792 175 1839 rem
208 1769 425 1848 incalesceret,
459 1789 494 1837 eo
521 1767 640 1852 reliquo
671 1767 812 1851 deinceps
835 1766 916 1833 vitae
938 1771 1073 1849 tempore
1095 1785 1248 1850 uunquam

105 1900 174 1952 non
187 1890 340 1974 ageretur.
362 1886 409 1951 Ac
431 1905 514 1953 uuna
535 1885 632 1970 igitur
654 1883 994 1951 dubleiermeeheriauae
1014 1880 1245 1965 Philosophiae,

105 2023 129 2064 a
157 2002 219 2083 qut
249 1997 404 2083 paullatim
442 1999 622 2065 aversiorem
647 2016 688 2063 'se
722 1996 888 2072 sentiebat,
922 1995 1085 2062 subtilitati
1113 1995 1247 2060 divinam

107 2113 274 2202 Euangelii
297 2112 520 2198 simplieitatem
542 2111 632 2198 longe
659 2113 809 2197 praeferre
831 2109 965 2178 discebat
987 2111 1046 2194 (l).

157 2341 354 2426 (dbttingeusi
369 2340 441 2411 huic
462 2341 635 2415 Neandri
655 2342 787 2408 triennio
804 2341 986 2420 academico,
1005 2340 1089 2424 quod
1104 2339 1246 2405 discendo

114 2477 172 2527 nou
195 2457 293 2540 magis
316 2455 458 2532 triverat,
492 2477 583 2540 quam
604 2457 744 2545 privatim
775 2455 973 2521 instituendis
996 2456 1133 2530 Amicis,
1156 2455 1248 2520 finem

115 2571 181 2644 anni
208 2575 295 2639 1809
319 2571 464 2655 imposuit
485 2576 662 2644 autumnum
688 2592 762 2653 quo,
786 2575 854 2654 post
876 2571 1047 2635 institutam
1079 2569 1246 2633 honorifico

115 2685 273 2753 admodum
286 2687 370 2753 exitu
382 2685 600 2770 probationem,
610 2683 900 2775 Hambnrgeusibus
912 2663 1137 2750 adscribebatur
1150 2685 1247 2749 saneti

114 2798 278 2875 Musisterii
320 2799 507 2870 candidatis.
566 2799 766 2883 aliquamdiu
804 2805 869 2867 tum
900 2801 933 2866 in
964 2799 1156 2884 disciplinam
1186 2797 1247 2864 sibi

112 2914 239 2981 traditos
268 2913 473 2986 instituendos
495 2920 581 2985 curat
610 2897 721 2998 pberos
743 2917 835 3003 atque
857 2913 1071 2981 adolescentes.
1120 2912 1247 2996 Aliquot

112 3028 204 3103 item,
242 3026 312 3092 date
345 3030 582 3113 opportunitate,
614 3049 670 3112 pro
700 3029 784 3093 sacre
816 3028 960 3092 concione
982 3026 1160 3111 pronuntiat
1182 3048 1247 3090 ore·

112 3144 220 3209 tiones.
269 3142 399 3220 Verum,
430 3165 491 3209 uon
514 3145 569 3209 diu
591 3141 764 3228 Hsmburgi
788 3147 1001 3217 commoratus,
1027 3142 1166 3226 proximo
1183 3143 1248 3225 jam

105 3234 241 3322 ‘exeunte
265 3280 354 3335 anno,
387 3279 447 3342 quo
470 3257 612 3323 liberiore
635 3259 735 3325 animo
764 3259 798 3322 in
826 3257 944 3322 Christi
971 3256 1124 3319 societatis
1147 3256 1247 3339 inqui·

112 3392 179 3441 rere
209 3375 311 3456 posset
340 3392 391 3435 res
410 3392 445 3434 ao
476 3371 555 3448 fata,
589 3370 824 3455 Heidelbergam
856 3374 1007 3453 properat.
1055 3368 1154 3454 Cujus
1178 3369 1247 3450 qni·

114 3486 179 3552 dem
208 3485 390 3551 Academiae
418 3487 561 3569 primum
579 3485 706 3569 privatis
737 3486 769 3549 in
801 3481 1007 3562 Doctoribus,
1046 3504 1116 3546 mor
1146 3488 1248 3549 eatre-

113 3602 271 3676 erdinariis
294 3601 326 3664 in
348 3599 574 3666 Professoribus
595 3600 695 3666 locum
715 3597 832 3664 obtinet
851 3620 885 3662 ae
900 3598 1090 3682 dignitatem.
1130 3595 1246 3659 Verum

114 3713 334 3799 Heidelbergae
358 3716 455 3800 magis
478 3720 637 3793 ostensus,
662 3735 751 3798 quam
775 3714 878 3788 datus,
902 3735 932 3777 a.
959 3714 1048 3775 1813
1069 3710 1247 3777 Berolinnm

114 3806 268 3903 evocatur,
293 3828 475 3899 ordinariam
497 3828 680 3914 Theologiac
705 3827 874 3893 cathedram
899 3833 1110 3911 occupaturus.
1145 3828 1247 3910 Atque

266 3999 272 4012 Ι

108 4015 257 4031 Ἷ--ω--α

145 4142 184 4205 (1)
204 4142 299 4192 Denuo
316 4143 358 4191 hio
377 4143 526 4192 consulatur
543 4143 697 4206 Klingius
715 4147 732 4193 l.
751 4143 787 4202 1.,
806 4143 930 4205 imprimis
948 4157 972 4204 p.
992 4147 1050 4189 514.
1088 4140 1167 4202 Cujus
1186 4155 1247 4188 nar-

105 4235 177 4290 >ratio
194 4249 228 4284 ex
246 4241 317 4299 parte
336 4251 381 4300 per
399 4251 429 4284 ea
446 4236 621 4294 confirmatur,
641 4251 705 4299 qnae
724 4237 754 4284 dc
773 4235 955 4285 Schleierm.
974 4241 999 4282 et
1017 4232 1177 4293 Noondro,
1196 4248 1247 4282 nne

108 4321 227 4377 Berolini
243 4327 429 4384 habitantibus,
449 4328 598 4378 referentem
620 4329 736 4378 audimus
754 4327 926 4384 Liickium,
946 4326 1014 4374 land.
1031 4325 1129 4376 libello:
1149 4324 1192 4375 W.
1210 4324 1246 4373 M.

109 4416 144 4470 L.
162 4420 208 4471 De
226 4419 346 4484 Wette,
367 4437 409 4470 zur
418 4420 563 4483 flammat.
581 4420 688 4481 Enisa,
708 4438 731 4484 p.
753 4427 798 4484 19,
817 4425 858 4468 20.
1253 4421 1254 4425 ’
