<?xml version="1.0" encoding="UTF-8"?>
<!DOCTYPE html PUBLIC "-//W3C//DTD XHTML 1.0 Transitional//EN"
    "http://www.w3.org/TR/xhtml1/DTD/xhtml1-transitional.dtd">
<html xmlns="http://www.w3.org/1999/xhtml" xml:lang="en" lang="en">
 <head>
  <title>
</title>
<meta http-equiv="Content-Type" content="text/html;charset=utf-8" />
  <meta name='ocr-system' content='tesseract 3.04.00' />
  <meta name='ocr-capabilities' content='ocr_page ocr_carea ocr_par ocr_line ocrx_word'/>
</head>
<body>
  <div class='ocr_page' id='page_1' title='image "./chartaetheologi00boumgoog_0074.png"; bbox 0 0 2782 4958; ppageno 0'>
   <div class='ocr_carea' id='block_1_1' title="bbox 600 335 1250 418">
    <p class='ocr_par' dir='ltr' id='par_1_1' title="bbox 600 335 1250 418">
     <span class='ocr_line' id='line_1_1' title="bbox 600 335 1250 418; baseline 0.012 -31"><span class='ocrx_word' id='word_1_1' title='bbox 600 346 765 388; x_wconf 75' lang='lat' dir='ltr'><strong>sansures.</strong></span> <span class='ocrx_word' id='word_1_2' title='bbox 960 405 966 418; x_wconf 28' lang='grc' dir='ltr'><strong><em>ι</em></strong></span> <span class='ocrx_word' id='word_1_3' title='bbox 1210 335 1250 396; x_wconf 86' lang='grc'><strong>57</strong></span> 
     </span>
    </p>
   </div>
   <div class='ocr_carea' id='block_1_2' title="bbox 123 513 1262 2300">
    <p class='ocr_par' dir='ltr' id='par_1_2' title="bbox 123 513 1255 1060">
     <span class='ocr_line' id='line_1_2' title="bbox 125 513 1252 604; baseline 0.006 -27"><span class='ocrx_word' id='word_1_4' title='bbox 125 514 187 578; x_wconf 88' lang='lat' dir='ltr'><strong>dem</strong></span> <span class='ocrx_word' id='word_1_5' title='bbox 210 513 393 578; x_wconf 66' lang='lat' dir='ltr'><strong>refutatione</strong></span> <span class='ocrx_word' id='word_1_6' title='bbox 416 514 542 600; x_wconf 86' lang='lat' dir='ltr'><strong>dignum</strong></span> <span class='ocrx_word' id='word_1_7' title='bbox 569 519 756 602; x_wconf 83' lang='lat' dir='ltr'><strong>pronuntiat.</strong></span> <span class='ocrx_word' id='word_1_8' title='bbox 804 519 842 582; x_wconf 92' lang='lat' dir='ltr'><strong>Iu</strong></span> <span class='ocrx_word' id='word_1_9' title='bbox 865 516 976 602; x_wconf 88' lang='lat' dir='ltr'><strong>quibus</strong></span> <span class='ocrx_word' id='word_1_10' title='bbox 998 519 1023 582; x_wconf 87' lang='lat' dir='ltr'><strong>si</strong></span> <span class='ocrx_word' id='word_1_11' title='bbox 1040 539 1088 582; x_wconf 91' lang='lat' dir='ltr'><strong>me</strong></span> <span class='ocrx_word' id='word_1_12' title='bbox 1104 519 1191 604; x_wconf 92' lang='lat' dir='ltr'><strong>plane</strong></span> <span class='ocrx_word' id='word_1_13' title='bbox 1205 542 1252 584; x_wconf 89' lang='lat' dir='ltr'><strong>as·</strong></span> 
     </span>
     <span class='ocr_line' id='line_1_3' title="bbox 123 627 1255 718; baseline 0.006 -27"><span class='ocrx_word' id='word_1_14' title='bbox 123 629 298 692; x_wconf 78' lang='lat' dir='ltr'><strong>sentientem</strong></span> <span class='ocrx_word' id='word_1_15' title='bbox 321 627 423 706; x_wconf 76' lang='lat' dir='ltr'><strong>babet3</strong></span> <span class='ocrx_word' id='word_1_16' title='bbox 447 651 508 694; x_wconf 89' lang='lat' dir='ltr'><strong>non</strong></span> <span class='ocrx_word' id='word_1_17' title='bbox 529 632 630 695; x_wconf 89' lang='lat' dir='ltr'><strong>minus</strong></span> <span class='ocrx_word' id='word_1_18' title='bbox 652 631 825 697; x_wconf 90' lang='lat' dir='ltr'><strong>indubitato</strong></span> <span class='ocrx_word' id='word_1_19' title='bbox 845 653 967 697; x_wconf 89' lang='lat' dir='ltr'><strong>assensu</strong></span> <span class='ocrx_word' id='word_1_20' title='bbox 990 632 1078 696; x_wconf 92' lang='lat' dir='ltr'><strong>laudo</strong></span> <span class='ocrx_word' id='word_1_21' title='bbox 1101 632 1255 718; x_wconf 89' lang='lat' dir='ltr'><strong>proboque</strong></span> 
     </span>
     <span class='ocr_line' id='line_1_4' title="bbox 123 743 1254 833; baseline 0.002 -23"><span class='ocrx_word' id='word_1_22' title='bbox 123 745 254 830; x_wconf 84' lang='lat' dir='ltr'><strong>quaeda</strong></span> <span class='ocrx_word' id='word_1_23' title='bbox 276 743 520 812; x_wconf 80' lang='lat' dir='ltr'><strong>Christianorum</strong></span> <span class='ocrx_word' id='word_1_24' title='bbox 541 745 666 831; x_wconf 84' lang='lat' dir='ltr'><strong>subjicit</strong></span> <span class='ocrx_word' id='word_1_25' title='bbox 685 748 833 822; x_wconf 77' lang='lat' dir='ltr'><strong>libertate,</strong></span> <span class='ocrx_word' id='word_1_26' title='bbox 856 748 943 832; x_wconf 88' lang='lat' dir='ltr'><strong>cujus</strong></span> <span class='ocrx_word' id='word_1_27' title='bbox 955 766 1088 812; x_wconf 85' lang='lat' dir='ltr'><strong>caussam</strong></span> <span class='ocrx_word' id='word_1_28' title='bbox 1112 747 1254 833; x_wconf 87' lang='lat' dir='ltr'><strong>bioprae·</strong></span> 
     </span>
     <span class='ocr_line' id='line_1_5' title="bbox 123 859 1254 946; baseline 0.004 -23"><span class='ocrx_word' id='word_1_29' title='bbox 123 859 201 924; x_wconf 90' lang='lat' dir='ltr'><strong>clare</strong></span> <span class='ocrx_word' id='word_1_30' title='bbox 223 860 324 945; x_wconf 86' lang='lat' dir='ltr'><strong>egerit</strong></span> <span class='ocrx_word' id='word_1_31' title='bbox 344 859 521 943; x_wconf 81' lang='lat' dir='ltr'><strong>Apostolus,</strong></span> <span class='ocrx_word' id='word_1_32' title='bbox 546 881 695 945; x_wconf 90' lang='lat' dir='ltr'><strong>quamque</strong></span> <span class='ocrx_word' id='word_1_33' title='bbox 714 882 781 938; x_wconf 89' lang='lat' dir='ltr'><strong>nos,</strong></span> <span class='ocrx_word' id='word_1_34' title='bbox 798 866 963 946; x_wconf 91' lang='lat' dir='ltr'><strong>praeeunte</strong></span> <span class='ocrx_word' id='word_1_35' title='bbox 984 860 1175 943; x_wconf 88' lang='lat' dir='ltr'><strong>Luthero,</strong></span> <span class='ocrx_word' id='word_1_36' title='bbox 1193 885 1254 928; x_wconf 87' lang='lat' dir='ltr'><strong>sar·</strong></span> 
     </span>
     <span class='ocr_line' id='line_1_6' title="bbox 124 979 690 1060; baseline 0.004 -22"><span class='ocrx_word' id='word_1_37' title='bbox 124 980 184 1039; x_wconf 88' lang='lat' dir='ltr'><strong>tam</strong></span> <span class='ocrx_word' id='word_1_38' title='bbox 206 979 319 1039; x_wconf 87' lang='lat' dir='ltr'><strong>tectam</strong></span> <span class='ocrx_word' id='word_1_39' title='bbox 342 995 520 1040; x_wconf 86' lang='lat' dir='ltr'><strong>conservare</strong></span> <span class='ocrx_word' id='word_1_40' title='bbox 542 981 690 1060; x_wconf 85' lang='lat' dir='ltr'><strong>oporteat.</strong></span> 
     </span>
    </p>

    <p class='ocr_par' dir='ltr' id='par_1_3' title="bbox 123 1088 1262 2300">
     <span class='ocr_line' id='line_1_7' title="bbox 164 1088 1253 1174; baseline 0.003 -21"><span class='ocrx_word' id='word_1_41' title='bbox 164 1088 416 1153; x_wconf 84' lang='lat' dir='ltr'><strong>Liinemenni</strong></span> <span class='ocrx_word' id='word_1_42' title='bbox 439 1088 539 1155; x_wconf 86' lang='lat' dir='ltr'><strong>brevis</strong></span> <span class='ocrx_word' id='word_1_43' title='bbox 561 1095 607 1154; x_wconf 86' lang='lat' dir='ltr'><strong>est</strong></span> <span class='ocrx_word' id='word_1_44' title='bbox 622 1112 657 1154; x_wconf 93' lang='lat' dir='ltr'><strong>ac</strong></span> <span class='ocrx_word' id='word_1_45' title='bbox 680 1089 813 1153; x_wconf 89' lang='lat' dir='ltr'><strong>modesta</strong></span> <span class='ocrx_word' id='word_1_46' title='bbox 828 1089 988 1173; x_wconf 89' lang='lat' dir='ltr'><strong>praefatio,</strong></span> <span class='ocrx_word' id='word_1_47' title='bbox 1003 1092 1064 1174; x_wconf 78' lang='lat' dir='ltr'><strong>qut</strong></span> <span class='ocrx_word' id='word_1_48' title='bbox 1078 1094 1109 1153; x_wconf 92' lang='lat' dir='ltr'><strong>et</strong></span> <span class='ocrx_word' id='word_1_49' title='bbox 1124 1091 1253 1169; x_wconf 85' lang='lat' dir='ltr'><strong>easdem,</strong></span> 
     </span>
     <span class='ocr_line' id='line_1_8' title="bbox 123 1202 1257 1290; baseline -0.001 -20"><span class='ocrx_word' id='word_1_50' title='bbox 123 1226 195 1290; x_wconf 90' lang='lat' dir='ltr'><strong>quas</strong></span> <span class='ocrx_word' id='word_1_51' title='bbox 219 1210 431 1271; x_wconf 89' lang='lat' dir='ltr'><strong>secutus-erat</strong></span> <span class='ocrx_word' id='word_1_52' title='bbox 454 1203 656 1287; x_wconf 83' lang='lat' dir='ltr'><strong>Meyerus,</strong></span> <span class='ocrx_word' id='word_1_53' title='bbox 686 1202 905 1286; x_wconf 86' lang='lat' dir='ltr'><strong>interpretandi</strong></span> <span class='ocrx_word' id='word_1_54' title='bbox 928 1203 1009 1288; x_wconf 81' lang='lat' dir='ltr'><strong>leges</strong></span> <span class='ocrx_word' id='word_1_55' title='bbox 1032 1226 1096 1268; x_wconf 85' lang='lat' dir='ltr'><strong>sess</strong></span> <span class='ocrx_word' id='word_1_56' title='bbox 1122 1207 1257 1269; x_wconf 80' lang='lat' dir='ltr'><strong>servtsse</strong></span> 
     </span>
     <span class='ocr_line' id='line_1_9' title="bbox 123 1316 1257 1406; baseline 0 -22"><span class='ocrx_word' id='word_1_57' title='bbox 123 1319 303 1404; x_wconf 88' lang='lat' dir='ltr'><strong>profitetur,</strong></span> <span class='ocrx_word' id='word_1_58' title='bbox 337 1321 447 1406; x_wconf 88' lang='lat' dir='ltr'><strong>quippe</strong></span> <span class='ocrx_word' id='word_1_59' title='bbox 470 1340 544 1405; x_wconf 90' lang='lat' dir='ltr'><strong>quas</strong></span> <span class='ocrx_word' id='word_1_60' title='bbox 567 1319 657 1382; x_wconf 91' lang='lat' dir='ltr'><strong>unice</strong></span> <span class='ocrx_word' id='word_1_61' title='bbox 680 1338 765 1382; x_wconf 83' lang='lat' dir='ltr'><strong>veras</strong></span> <span class='ocrx_word' id='word_1_62' title='bbox 787 1316 915 1394; x_wconf 89' lang='lat' dir='ltr'><strong>habeat,</strong></span> <span class='ocrx_word' id='word_1_63' title='bbox 941 1324 972 1383; x_wconf 90' lang='lat' dir='ltr'><strong>et</strong></span> <span class='ocrx_word' id='word_1_64' title='bbox 994 1320 1163 1384; x_wconf 85' lang='lat' dir='ltr'><strong>universam</strong></span> <span class='ocrx_word' id='word_1_65' title='bbox 1186 1319 1257 1384; x_wconf 83' lang='lat' dir='ltr'><strong>libri</strong></span> 
     </span>
     <span class='ocr_line' id='line_1_10' title="bbox 124 1431 1258 1519; baseline 0.003 -23"><span class='ocrx_word' id='word_1_66' title='bbox 124 1434 169 1496; x_wconf 90' lang='lat' dir='ltr'><strong>sui</strong></span> <span class='ocrx_word' id='word_1_67' title='bbox 193 1435 341 1497; x_wconf 89' lang='lat' dir='ltr'><strong>rationem</strong></span> <span class='ocrx_word' id='word_1_68' title='bbox 364 1434 401 1498; x_wconf 93' lang='lat' dir='ltr'><strong>ad</strong></span> <span class='ocrx_word' id='word_1_69' title='bbox 424 1434 489 1519; x_wconf 86' lang='lat' dir='ltr'><strong>ejus</strong></span> <span class='ocrx_word' id='word_1_70' title='bbox 519 1432 689 1516; x_wconf 84' lang='lat' dir='ltr'><strong>exemplum</strong></span> <span class='ocrx_word' id='word_1_71' title='bbox 721 1431 935 1496; x_wconf 81' lang='lat' dir='ltr'><strong>conformbsse.</strong></span> <span class='ocrx_word' id='word_1_72' title='bbox 983 1432 1055 1503; x_wconf 84' lang='lat' dir='ltr'><strong>Quo</strong></span> <span class='ocrx_word' id='word_1_73' title='bbox 1085 1433 1164 1497; x_wconf 83' lang='lat' dir='ltr'><strong>tacto</strong></span> <span class='ocrx_word' id='word_1_74' title='bbox 1193 1435 1258 1499; x_wconf 89' lang='lat' dir='ltr'><strong>iore</strong></span> 
     </span>
     <span class='ocr_line' id='line_1_11' title="bbox 125 1545 1259 1634; baseline 0.004 -24"><span class='ocrx_word' id='word_1_75' title='bbox 125 1553 223 1632; x_wconf 83' lang='lat' dir='ltr'><strong>eperat</strong></span> <span class='ocrx_word' id='word_1_76' title='bbox 238 1554 274 1613; x_wconf 91' lang='lat' dir='ltr'><strong>ut</strong></span> <span class='ocrx_word' id='word_1_77' title='bbox 293 1547 403 1626; x_wconf 88' lang='lat' dir='ltr'><strong>laudis,</strong></span> <span class='ocrx_word' id='word_1_78' title='bbox 425 1568 501 1634; x_wconf 93' lang='lat' dir='ltr'><strong>quae</strong></span> <span class='ocrx_word' id='word_1_79' title='bbox 523 1547 568 1612; x_wconf 92' lang='lat' dir='ltr'><strong>illi</strong></span> <span class='ocrx_word' id='word_1_80' title='bbox 591 1567 709 1610; x_wconf 88' lang='lat' dir='ltr'><strong>summo</strong></span> <span class='ocrx_word' id='word_1_81' title='bbox 729 1546 799 1630; x_wconf 88' lang='lat' dir='ltr'><strong>jure</strong></span> <span class='ocrx_word' id='word_1_82' title='bbox 822 1545 951 1631; x_wconf 82' lang='lat' dir='ltr'><strong>obtigit,</strong></span> <span class='ocrx_word' id='word_1_83' title='bbox 979 1547 1011 1610; x_wconf 92' lang='lat' dir='ltr'><strong>in</strong></span> <span class='ocrx_word' id='word_1_84' title='bbox 1034 1547 1154 1632; x_wconf 84' lang='lat' dir='ltr'><strong>aliquod</strong></span> <span class='ocrx_word' id='word_1_85' title='bbox 1177 1555 1259 1614; x_wconf 90' lang='lat' dir='ltr'><strong>certe</strong></span> 
     </span>
     <span class='ocr_line' id='line_1_12' title="bbox 125 1660 1260 1748; baseline 0.004 -22"><span class='ocrx_word' id='word_1_86' title='bbox 125 1664 311 1727; x_wconf 82' lang='lat' dir='ltr'><strong>consortium</strong></span> <span class='ocrx_word' id='word_1_87' title='bbox 327 1663 514 1727; x_wconf 84' lang='lat' dir='ltr'><strong>admittatur.</strong></span> <span class='ocrx_word' id='word_1_88' title='bbox 527 1699 572 1713; x_wconf 89' lang='lat'>—</span> <span class='ocrx_word' id='word_1_89' title='bbox 591 1661 670 1727; x_wconf 75' lang='lat' dir='ltr'><strong>Tum</strong></span> <span class='ocrx_word' id='word_1_90' title='bbox 685 1671 714 1727; x_wconf 83' lang='lat' dir='ltr'><strong>et</strong></span> <span class='ocrx_word' id='word_1_91' title='bbox 731 1660 852 1747; x_wconf 75' lang='lat' dir='ltr'><strong>prioris</strong></span> <span class='ocrx_word' id='word_1_92' title='bbox 868 1667 899 1725; x_wconf 91' lang='lat' dir='ltr'><strong>et</strong></span> <span class='ocrx_word' id='word_1_93' title='bbox 921 1662 1062 1747; x_wconf 80' lang='lat' dir='ltr'><strong>deinceps</strong></span> <span class='ocrx_word' id='word_1_94' title='bbox 1075 1665 1260 1748; x_wconf 80' lang='lat' dir='ltr'><strong>posterioris</strong></span> 
     </span>
     <span class='ocr_line' id='line_1_13' title="bbox 123 1774 1261 1862; baseline 0.004 -22"><span class='ocrx_word' id='word_1_95' title='bbox 123 1777 160 1840; x_wconf 87' lang='lat' dir='ltr'><strong>ad</strong></span> <span class='ocrx_word' id='word_1_96' title='bbox 187 1777 463 1843; x_wconf 74' lang='lat' dir='ltr'><strong>Thessalonicenses</strong></span> <span class='ocrx_word' id='word_1_97' title='bbox 485 1776 628 1862; x_wconf 88' lang='lat' dir='ltr'><strong>epistolae</strong></span> <span class='ocrx_word' id='word_1_98' title='bbox 650 1778 834 1841; x_wconf 86' lang='lat' dir='ltr'><strong>enarrationi</strong></span> <span class='ocrx_word' id='word_1_99' title='bbox 858 1774 980 1841; x_wconf 82' lang='lat' dir='ltr'><strong>brevem</strong></span> <span class='ocrx_word' id='word_1_100' title='bbox 1008 1778 1176 1862; x_wconf 90' lang='lat' dir='ltr'><strong>praemittit</strong></span> <span class='ocrx_word' id='word_1_101' title='bbox 1202 1779 1261 1844; x_wconf 89' lang='lat' dir='ltr'><strong>In·</strong></span> 
     </span>
     <span class='ocr_line' id='line_1_14' title="bbox 128 1889 1260 1977; baseline 0.003 -23"><span class='ocrx_word' id='word_1_102' title='bbox 128 1892 262 1966; x_wconf 80' lang='lat' dir='ltr'><strong>troitum,</strong></span> <span class='ocrx_word' id='word_1_103' title='bbox 288 1890 342 1954; x_wconf 92' lang='lat' dir='ltr'><strong>ubi</strong></span> <span class='ocrx_word' id='word_1_104' title='bbox 365 1912 434 1956; x_wconf 92' lang='lat' dir='ltr'><strong>oum</strong></span> <span class='ocrx_word' id='word_1_105' title='bbox 457 1891 515 1955; x_wconf 87' lang='lat' dir='ltr'><strong>alia</strong></span> <span class='ocrx_word' id='word_1_106' title='bbox 537 1892 650 1977; x_wconf 85' lang='lat' dir='ltr'><strong>tangit,</strong></span> <span class='ocrx_word' id='word_1_107' title='bbox 674 1889 785 1976; x_wconf 88' lang='lat' dir='ltr'><strong>quibus</strong></span> <span class='ocrx_word' id='word_1_108' title='bbox 808 1891 973 1955; x_wconf 87' lang='lat' dir='ltr'><strong>tractandis</strong></span> <span class='ocrx_word' id='word_1_109' title='bbox 994 1891 1142 1975; x_wconf 87' lang='lat' dir='ltr'><strong>ejusmodi</strong></span> <span class='ocrx_word' id='word_1_110' title='bbox 1165 1892 1260 1957; x_wconf 89' lang='lat' dir='ltr'><strong>desti·</strong></span> 
     </span>
     <span class='ocr_line' id='line_1_15' title="bbox 128 1997 1261 2090; baseline 0.004 -22"><span class='ocrx_word' id='word_1_111' title='bbox 128 2006 189 2070; x_wconf 89' lang='lat' dir='ltr'><strong>nari</strong></span> <span class='ocrx_word' id='word_1_112' title='bbox 213 2005 313 2070; x_wconf 89' lang='lat' dir='ltr'><strong>solent</strong></span> <span class='ocrx_word' id='word_1_113' title='bbox 335 1997 529 2090; x_wconf 85' lang='lat' dir='ltr'><strong>scriptiones,</strong></span> <span class='ocrx_word' id='word_1_114' title='bbox 552 2009 619 2070; x_wconf 93' lang='lat' dir='ltr'><strong>tum</strong></span> <span class='ocrx_word' id='word_1_115' title='bbox 641 2005 821 2070; x_wconf 82' lang='lat' dir='ltr'><strong>Paullinam</strong></span> <span class='ocrx_word' id='word_1_116' title='bbox 843 2005 1004 2089; x_wconf 90' lang='lat' dir='ltr'><strong>utriusque</strong></span> <span class='ocrx_word' id='word_1_117' title='bbox 1032 2005 1174 2090; x_wconf 86' lang='lat' dir='ltr'><strong>epistolae</strong></span> <span class='ocrx_word' id='word_1_118' title='bbox 1198 2008 1261 2072; x_wconf 92' lang='lat' dir='ltr'><strong>ori·</strong></span> 
     </span>
     <span class='ocr_line' id='line_1_16' title="bbox 129 2106 1262 2208; baseline 0.004 -24"><span class='ocrx_word' id='word_1_119' title='bbox 129 2121 229 2205; x_wconf 85' lang='lat' dir='ltr'><strong>ginem</strong></span> <span class='ocrx_word' id='word_1_120' title='bbox 252 2141 270 2184; x_wconf 83' lang='lat' dir='ltr'><strong>a</strong></span> <span class='ocrx_word' id='word_1_121' title='bbox 292 2119 418 2185; x_wconf 91' lang='lat' dir='ltr'><strong>Banri</strong></span> <span class='ocrx_word' id='word_1_122' title='bbox 441 2106 628 2205; x_wconf 83' lang='lat' dir='ltr'><strong>aliorumque</strong></span> <span class='ocrx_word' id='word_1_123' title='bbox 651 2120 851 2205; x_wconf 88' lang='lat' dir='ltr'><strong>captiunculis</strong></span> <span class='ocrx_word' id='word_1_124' title='bbox 874 2121 1028 2186; x_wconf 88' lang='lat' dir='ltr'><strong>succincte</strong></span> <span class='ocrx_word' id='word_1_125' title='bbox 1043 2128 1133 2205; x_wconf 89' lang='lat' dir='ltr'><strong>atque</strong></span> <span class='ocrx_word' id='word_1_126' title='bbox 1154 2129 1262 2208; x_wconf 82' lang='lat' dir='ltr'><strong>argute</strong></span> 
     </span>
     <span class='ocr_line' id='line_1_17' title="bbox 129 2240 243 2300; baseline 0 -2"><span class='ocrx_word' id='word_1_127' title='bbox 129 2240 243 2300; x_wconf 88' lang='lat' dir='ltr'><strong>tuetur.</strong></span> 
     </span>
    </p>
   </div>
   <div class='ocr_carea' id='block_1_3' title="bbox 87 2348 1263 2438">
    <p class='ocr_par' dir='ltr' id='par_1_4' title="bbox 87 2348 1263 2438">
     <span class='ocr_line' id='line_1_18' title="bbox 87 2348 1263 2438; baseline 0.002 -25"><span class='ocrx_word' id='word_1_128' title='bbox 87 2433 89 2438; x_wconf 88' lang='lat'><strong>.</strong></span> <span class='ocrx_word' id='word_1_129' title='bbox 170 2349 274 2414; x_wconf 82' lang='lat' dir='ltr'><strong>Erunt</strong></span> <span class='ocrx_word' id='word_1_130' title='bbox 296 2349 422 2414; x_wconf 91' lang='lat' dir='ltr'><strong>fortasse</strong></span> <span class='ocrx_word' id='word_1_131' title='bbox 438 2352 572 2415; x_wconf 85' lang='lat' dir='ltr'><strong>veterani</strong></span> <span class='ocrx_word' id='word_1_132' title='bbox 596 2353 775 2437; x_wconf 89' lang='lat' dir='ltr'><strong>Interpretis</strong></span> <span class='ocrx_word' id='word_1_133' title='bbox 799 2351 1002 2429; x_wconf 85' lang='lat' dir='ltr'><strong>admiratores,</strong></span> <span class='ocrx_word' id='word_1_134' title='bbox 1025 2350 1088 2434; x_wconf 90' lang='lat' dir='ltr'><strong>qui,</strong></span> <span class='ocrx_word' id='word_1_135' title='bbox 1112 2348 1164 2415; x_wconf 94' lang='lat' dir='ltr'><strong>ubi</strong></span> <span class='ocrx_word' id='word_1_136' title='bbox 1180 2350 1263 2415; x_wconf 84' lang='lat' dir='ltr'><strong>illius</strong></span> 
     </span>
    </p>
   </div>
   <div class='ocr_carea' id='block_1_4' title="bbox 127 2455 1358 3470">
    <p class='ocr_par' dir='ltr' id='par_1_5' title="bbox 127 2455 1358 3470">
     <span class='ocr_line' id='line_1_19' title="bbox 129 2455 1261 2551; baseline 0.004 -24"><span class='ocrx_word' id='word_1_137' title='bbox 129 2485 202 2549; x_wconf 88' lang='lat' dir='ltr'><strong>opus</strong></span> <span class='ocrx_word' id='word_1_138' title='bbox 225 2465 403 2529; x_wconf 84' lang='lat' dir='ltr'><strong>continuare</strong></span> <span class='ocrx_word' id='word_1_139' title='bbox 433 2455 603 2530; x_wconf 85' lang='lat' dir='ltr'><strong>instituisse</strong></span> <span class='ocrx_word' id='word_1_140' title='bbox 622 2464 775 2551; x_wconf 86' lang='lat' dir='ltr'><strong>juniorem</strong></span> <span class='ocrx_word' id='word_1_141' title='bbox 800 2465 891 2530; x_wconf 91' lang='lat' dir='ltr'><strong>alium</strong></span> <span class='ocrx_word' id='word_1_142' title='bbox 915 2465 1125 2549; x_wconf 89' lang='lat' dir='ltr'><strong>compererint,</strong></span> <span class='ocrx_word' id='word_1_143' title='bbox 1152 2465 1261 2550; x_wconf 80' lang='lat' dir='ltr'><strong>impu·</strong></span> 
     </span>
     <span class='ocr_line' id='line_1_20' title="bbox 128 2579 1262 2666; baseline 0.003 -24"><span class='ocrx_word' id='word_1_144' title='bbox 128 2599 190 2642; x_wconf 80' lang='lat' dir='ltr'><strong>rens</strong></span> <span class='ocrx_word' id='word_1_145' title='bbox 218 2599 291 2642; x_wconf 89' lang='lat' dir='ltr'><strong>eum</strong></span> <span class='ocrx_word' id='word_1_146' title='bbox 318 2583 509 2664; x_wconf 72' lang='lat' dir='ltr'><strong>conpescenda</strong></span> <span class='ocrx_word' id='word_1_147' title='bbox 541 2580 657 2645; x_wconf 76' lang='lat' dir='ltr'><strong>Achilli</strong></span> <span class='ocrx_word' id='word_1_148' title='bbox 685 2580 805 2666; x_wconf 86' lang='lat' dir='ltr'><strong>putent.</strong></span> <span class='ocrx_word' id='word_1_149' title='bbox 854 2579 950 2665; x_wconf 81' lang='lat' dir='ltr'><strong>Cujus</strong></span> <span class='ocrx_word' id='word_1_150' title='bbox 978 2582 1040 2665; x_wconf 83' lang='lat' dir='ltr'><strong>jem</strong></span> <span class='ocrx_word' id='word_1_151' title='bbox 1071 2602 1153 2646; x_wconf 87' lang='lat' dir='ltr'><strong>nuno</strong></span> <span class='ocrx_word' id='word_1_152' title='bbox 1182 2581 1262 2645; x_wconf 86' lang='lat' dir='ltr'><strong>baud</strong></span> 
     </span>
     <span class='ocr_line' id='line_1_21' title="bbox 128 2691 1264 2780; baseline 0.004 -24"><span class='ocrx_word' id='word_1_153' title='bbox 128 2691 219 2757; x_wconf 93' lang='lat' dir='ltr'><strong>dubia</strong></span> <span class='ocrx_word' id='word_1_154' title='bbox 241 2693 386 2777; x_wconf 78' lang='lat' dir='ltr'><strong>quaedam</strong></span> <span class='ocrx_word' id='word_1_155' title='bbox 409 2695 541 2778; x_wconf 80' lang='lat' dir='ltr'><strong>auspicis</strong></span> <span class='ocrx_word' id='word_1_156' title='bbox 561 2695 694 2759; x_wconf 82' lang='lat' dir='ltr'><strong>vidimus</strong></span> <span class='ocrx_word' id='word_1_157' title='bbox 708 2695 808 2779; x_wconf 93' lang='lat' dir='ltr'><strong>iniqui</strong></span> <span class='ocrx_word' id='word_1_158' title='bbox 820 2695 940 2780; x_wconf 88' lang='lat' dir='ltr'><strong>judicii.</strong></span> <span class='ocrx_word' id='word_1_159' title='bbox 986 2698 1016 2760; x_wconf 86' lang='lat' dir='ltr'>A</span> <span class='ocrx_word' id='word_1_160' title='bbox 1039 2716 1100 2780; x_wconf 93' lang='lat' dir='ltr'><strong>quo</strong></span> <span class='ocrx_word' id='word_1_161' title='bbox 1122 2717 1193 2759; x_wconf 86' lang='lat' dir='ltr'><strong>vero</strong></span> <span class='ocrx_word' id='word_1_162' title='bbox 1209 2717 1264 2760; x_wconf 89' lang='lat' dir='ltr'><strong>nos</strong></span> 
     </span>
     <span class='ocr_line' id='line_1_22' title="bbox 128 2807 1264 2903; baseline 0.006 -35"><span class='ocrx_word' id='word_1_163' title='bbox 128 2807 170 2869; x_wconf 90' lang='lat' dir='ltr'><strong>ita</strong></span> <span class='ocrx_word' id='word_1_164' title='bbox 192 2807 402 2886; x_wconf 86' lang='lat' dir='ltr'><strong>dissentimus,</strong></span> <span class='ocrx_word' id='word_1_165' title='bbox 419 2814 466 2903; x_wconf 85' lang='lat' dir='ltr'><strong>ut,</strong></span> <span class='ocrx_word' id='word_1_166' title='bbox 490 2808 549 2872; x_wconf 87' lang='lat' dir='ltr'><strong>nisi</strong></span> <span class='ocrx_word' id='word_1_167' title='bbox 570 2808 652 2873; x_wconf 89' lang='lat' dir='ltr'><strong>huno</strong></span> <span class='ocrx_word' id='word_1_168' title='bbox 669 2809 791 2887; x_wconf 79' lang='lat' dir='ltr'><strong>eddom,</strong></span> <span class='ocrx_word' id='word_1_169' title='bbox 808 2831 867 2893; x_wconf 90' lang='lat' dir='ltr'><strong>qua</strong></span> <span class='ocrx_word' id='word_1_170' title='bbox 882 2810 980 2890; x_wconf 82' lang='lat' dir='ltr'><strong>illurn,</strong></span> <span class='ocrx_word' id='word_1_171' title='bbox 1000 2815 1052 2873; x_wconf 90' lang='lat' dir='ltr'><strong>aut</strong></span> <span class='ocrx_word' id='word_1_172' title='bbox 1074 2809 1167 2874; x_wconf 90' lang='lat' dir='ltr'><strong>simili</strong></span> <span class='ocrx_word' id='word_1_173' title='bbox 1183 2816 1264 2875; x_wconf 87' lang='lat' dir='ltr'><strong>certe</strong></span> 
     </span>
     <span class='ocr_line' id='line_1_23' title="bbox 127 2904 1358 3011; baseline 0.004 -26"><span class='ocrx_word' id='word_1_174' title='bbox 127 2923 228 3006; x_wconf 64' lang='lat' dir='ltr'><strong>palma</strong></span> <span class='ocrx_word' id='word_1_175' title='bbox 250 2922 386 3008; x_wconf 81' lang='lat' dir='ltr'><strong>dignum</strong></span> <span class='ocrx_word' id='word_1_176' title='bbox 401 2907 561 2988; x_wconf 83' lang='lat' dir='ltr'><strong>habuerint</strong></span> <span class='ocrx_word' id='word_1_177' title='bbox 574 2925 724 3008; x_wconf 83' lang='lat' dir='ltr'><strong>aequales,</strong></span> <span class='ocrx_word' id='word_1_178' title='bbox 742 2926 870 2988; x_wconf 88' lang='lat' dir='ltr'><strong>nimium</strong></span> <span class='ocrx_word' id='word_1_179' title='bbox 891 2925 991 3009; x_wconf 88' lang='lat' dir='ltr'><strong>potius</strong></span> <span class='ocrx_word' id='word_1_180' title='bbox 1006 2926 1137 2989; x_wconf 88' lang='lat' dir='ltr'><strong>nominis</strong></span> <span class='ocrx_word' id='word_1_181' title='bbox 1161 2926 1265 3011; x_wconf 79' lang='lat' dir='ltr'><strong>Meye-</strong></span> <span class='ocrx_word' id='word_1_182' title='bbox 1350 2904 1358 2924; x_wconf 57' lang='grc'><strong><em>’</em></strong></span> 
     </span>
     <span class='ocr_line' id='line_1_24' title="bbox 127 3037 1265 3122; baseline 0.003 -22"><span class='ocrx_word' id='word_1_183' title='bbox 127 3037 212 3100; x_wconf 70' lang='lat' dir='ltr'><strong>nani</strong></span> <span class='ocrx_word' id='word_1_184' title='bbox 234 3037 365 3101; x_wconf 84' lang='lat' dir='ltr'><strong>favorem</strong></span> <span class='ocrx_word' id='word_1_185' title='bbox 389 3039 417 3101; x_wconf 93' lang='lat' dir='ltr'><strong>ei</strong></span> <span class='ocrx_word' id='word_1_186' title='bbox 440 3037 572 3102; x_wconf 75' lang='lat' dir='ltr'><strong>obfuisse</strong></span> <span class='ocrx_word' id='word_1_187' title='bbox 595 3040 796 3103; x_wconf 84' lang='lat' dir='ltr'><strong>existimaturi</strong></span> <span class='ocrx_word' id='word_1_188' title='bbox 820 3041 926 3119; x_wconf 86' lang='lat' dir='ltr'><strong>simus,</strong></span> <span class='ocrx_word' id='word_1_189' title='bbox 952 3060 1042 3122; x_wconf 91' lang='lat' dir='ltr'><strong>quam</strong></span> <span class='ocrx_word' id='word_1_190' title='bbox 1061 3061 1114 3104; x_wconf 88' lang='lat' dir='ltr'><strong>sua</strong></span> <span class='ocrx_word' id='word_1_191' title='bbox 1135 3040 1265 3103; x_wconf 79' lang='lat' dir='ltr'><strong>defuisse</strong></span> 
     </span>
     <span class='ocr_line' id='line_1_25' title="bbox 130 3152 1264 3238; baseline 0.003 -25"><span class='ocrx_word' id='word_1_192' title='bbox 130 3171 186 3214; x_wconf 90' lang='lat' dir='ltr'><strong>nec</strong></span> <span class='ocrx_word' id='word_1_193' title='bbox 208 3165 249 3214; x_wconf 76' lang='lat' dir='ltr'><strong>ea¹</strong></span> <span class='ocrx_word' id='word_1_194' title='bbox 267 3152 427 3223; x_wconf 88' lang='lat' dir='ltr'><strong>mediocria</strong></span> <span class='ocrx_word' id='word_1_195' title='bbox 450 3154 568 3217; x_wconf 88' lang='lat' dir='ltr'><strong>merita.</strong></span> <span class='ocrx_word' id='word_1_196' title='bbox 616 3153 675 3218; x_wconf 83' lang='lat' dir='ltr'><strong>Sed</strong></span> <span class='ocrx_word' id='word_1_197' title='bbox 697 3174 759 3238; x_wconf 92' lang='lat' dir='ltr'><strong>quo</strong></span> <span class='ocrx_word' id='word_1_198' title='bbox 791 3155 902 3218; x_wconf 87' lang='lat' dir='ltr'><strong>certior</strong></span> <span class='ocrx_word' id='word_1_199' title='bbox 925 3152 1075 3217; x_wconf 84' lang='lat' dir='ltr'><strong>dictorum</strong></span> <span class='ocrx_word' id='word_1_200' title='bbox 1106 3154 1180 3217; x_wconf 89' lang='lat' dir='ltr'><strong>fides</strong></span> <span class='ocrx_word' id='word_1_201' title='bbox 1206 3154 1264 3230; x_wconf 88' lang='lat' dir='ltr'><strong>sit,</strong></span> 
     </span>
     <span class='ocr_line' id='line_1_26' title="bbox 132 3265 1264 3354; baseline 0.004 -27"><span class='ocrx_word' id='word_1_202' title='bbox 132 3265 290 3350; x_wconf 90' lang='lat' dir='ltr'><strong>utriusque</strong></span> <span class='ocrx_word' id='word_1_203' title='bbox 320 3269 526 3333; x_wconf 89' lang='lat' dir='ltr'><strong>commentarii</strong></span> <span class='ocrx_word' id='word_1_204' title='bbox 557 3290 668 3354; x_wconf 89' lang='lat' dir='ltr'><strong>paucos</strong></span> <span class='ocrx_word' id='word_1_205' title='bbox 690 3274 772 3333; x_wconf 88' lang='lat' dir='ltr'><strong>certe</strong></span> <span class='ocrx_word' id='word_1_206' title='bbox 794 3268 876 3333; x_wconf 89' lang='lat' dir='ltr'><strong>locos</strong></span> <span class='ocrx_word' id='word_1_207' title='bbox 899 3269 1073 3354; x_wconf 80' lang='lat' dir='ltr'><strong>seligemus,</strong></span> <span class='ocrx_word' id='word_1_208' title='bbox 1106 3275 1196 3353; x_wconf 87' lang='lat' dir='ltr'><strong>atque</strong></span> <span class='ocrx_word' id='word_1_209' title='bbox 1227 3270 1264 3332; x_wconf 91' lang='lat' dir='ltr'><strong>ad</strong></span> 
     </span>
     <span class='ocr_line' id='line_1_27' title="bbox 133 3374 1266 3470; baseline 0.005 -28"><span class='ocrx_word' id='word_1_210' title='bbox 133 3379 287 3446; x_wconf 84' lang='lat' dir='ltr'><strong>evidentes</strong></span> <span class='ocrx_word' id='word_1_211' title='bbox 308 3379 376 3445; x_wconf 86' lang='lat' dir='ltr'><strong>illas</strong></span> <span class='ocrx_word' id='word_1_212' title='bbox 396 3381 481 3468; x_wconf 82' lang='lat' dir='ltr'><strong>leges</strong></span> <span class='ocrx_word' id='word_1_213' title='bbox 512 3384 686 3470; x_wconf 86' lang='lat' dir='ltr'><strong>exigamus,</strong></span> <span class='ocrx_word' id='word_1_214' title='bbox 717 3382 848 3468; x_wconf 90' lang='lat' dir='ltr'><strong>quaein</strong></span> <span class='ocrx_word' id='word_1_215' title='bbox 871 3383 986 3448; x_wconf 86' lang='lat' dir='ltr'><strong>nullius</strong></span> <span class='ocrx_word' id='word_1_216' title='bbox 1005 3374 1069 3447; x_wconf 69' lang='lat' dir='ltr'><strong>vnon</strong></span> <span class='ocrx_word' id='word_1_217' title='bbox 1092 3382 1178 3462; x_wconf 90' lang='lat' dir='ltr'><strong>libri,</strong></span> <span class='ocrx_word' id='word_1_218' title='bbox 1202 3384 1266 3448; x_wconf 85' lang='lat' dir='ltr'><strong>sive</strong></span> 
     </span>
    </p>
   </div>
   <div class='ocr_carea' id='block_1_5' title="bbox 124 3557 281 3572">
    <p class='ocr_par' dir='ltr' id='par_1_6' title="bbox 124 3557 281 3572">
     <span class='ocr_line' id='line_1_28' title="bbox 124 3557 281 3572; baseline 0.013 -2"><span class='ocrx_word' id='word_1_219' title='bbox 124 3557 281 3572; x_wconf 44' lang='lat' dir='ltr'><strong>C*</strong></span> 
     </span>
    </p>
   </div>
   <div class='ocr_carea' id='block_1_6' title="bbox 134 3682 1266 3840">
    <p class='ocr_par' dir='ltr' id='par_1_7' title="bbox 134 3682 1266 3840">
     <span class='ocr_line' id='line_1_29' title="bbox 134 3682 1264 3750; baseline 0.002 -18"><span class='ocrx_word' id='word_1_220' title='bbox 134 3686 292 3749; x_wconf 89' lang='lat' dir='ltr'><strong>postmodum</strong></span> <span class='ocrx_word' id='word_1_221' title='bbox 311 3686 391 3750; x_wconf 88' lang='lat' dir='ltr'><strong>ipsam</strong></span> <span class='ocrx_word' id='word_1_222' title='bbox 412 3685 487 3735; x_wconf 85' lang='lat' dir='ltr'><strong>etiam</strong></span> <span class='ocrx_word' id='word_1_223' title='bbox 504 3684 540 3735; x_wconf 77' lang='lat' dir='ltr'><strong>orl</strong></span> <span class='ocrx_word' id='word_1_224' title='bbox 556 3683 687 3735; x_wconf 75' lang='lat' dir='ltr'><strong>Corinthios</strong></span> <span class='ocrx_word' id='word_1_225' title='bbox 700 3685 804 3749; x_wconf 84' lang='lat' dir='ltr'><strong>priorem</strong></span> <span class='ocrx_word' id='word_1_226' title='bbox 828 3684 960 3750; x_wconf 86' lang='lat' dir='ltr'><strong>epistolam</strong></span> <span class='ocrx_word' id='word_1_227' title='bbox 980 3701 996 3734; x_wconf 89' lang='lat' dir='ltr'><strong>a</strong></span> <span class='ocrx_word' id='word_1_228' title='bbox 1019 3682 1111 3734; x_wconf 89' lang='lat' dir='ltr'><strong>Paullo</strong></span> <span class='ocrx_word' id='word_1_229' title='bbox 1128 3682 1264 3747; x_wconf 85' lang='lat' dir='ltr'><strong>abjudicat.</strong></span> 
     </span>
     <span class='ocr_line' id='line_1_30' title="bbox 135 3764 1266 3840; baseline 0.001 -15"><span class='ocrx_word' id='word_1_230' title='bbox 135 3774 172 3825; x_wconf 83' lang='lat' dir='ltr'><strong>cf.</strong></span> <span class='ocrx_word' id='word_1_231' title='bbox 191 3792 252 3840; x_wconf 86' lang='lat' dir='ltr'><strong>prae</strong></span> <span class='ocrx_word' id='word_1_232' title='bbox 269 3778 373 3827; x_wconf 79' lang='lat' dir='ltr'><strong>coeteris</strong></span> <span class='ocrx_word' id='word_1_233' title='bbox 391 3777 526 3828; x_wconf 76' lang='lat' dir='ltr'><strong>uwaluii</strong></span> <span class='ocrx_word' id='word_1_234' title='bbox 543 3776 635 3827; x_wconf 83' lang='lat' dir='ltr'><strong>Jahrb.</strong></span> <span class='ocrx_word' id='word_1_235' title='bbox 655 3777 698 3827; x_wconf 86' lang='lat' dir='ltr'><strong>cler</strong></span> <span class='ocrx_word' id='word_1_236' title='bbox 718 3775 774 3827; x_wconf 85' lang='lat' dir='ltr'><strong>bibl.</strong></span> <span class='ocrx_word' id='word_1_237' title='bbox 795 3775 938 3829; x_wconf 84' lang='lat' dir='ltr'><strong>Wissensch.</strong></span> <span class='ocrx_word' id='word_1_238' title='bbox 958 3764 1043 3825; x_wconf 66' lang='lat' dir='ltr'><strong>[Ilm</strong></span> <span class='ocrx_word' id='word_1_239' title='bbox 1058 3775 1146 3826; x_wconf 85' lang='lat' dir='ltr'><strong>Jahrb.</strong></span> <span class='ocrx_word' id='word_1_240' title='bbox 1167 3782 1266 3826; x_wconf 84' lang='lat'>1850-</span> 
     </span>
    </p>
   </div>
   <div class='ocr_carea' id='block_1_7' title="bbox 136 3869 1264 4028">
    <p class='ocr_par' dir='ltr' id='par_1_8' title="bbox 136 3869 1264 4028">
     <span class='ocr_line' id='line_1_31' title="bbox 138 3869 1264 3938; baseline 0 -19"><span class='ocrx_word' id='word_1_241' title='bbox 138 3874 210 3930; x_wconf 81' lang='grc'><strong>1851,</strong></span> <span class='ocrx_word' id='word_1_242' title='bbox 228 3886 255 3935; x_wconf 88' lang='lat' dir='ltr'><strong>p.</strong></span> <span class='ocrx_word' id='word_1_243' title='bbox 273 3877 322 3921; x_wconf 79' lang='lat'><strong>236</strong></span> <span class='ocrx_word' id='word_1_244' title='bbox 339 3885 396 3935; x_wconf 86' lang='lat' dir='ltr'><strong>sqq.</strong></span> <span class='ocrx_word' id='word_1_245' title='bbox 414 3897 446 3908; x_wconf 88' lang='lat'>—</span> <span class='ocrx_word' id='word_1_246' title='bbox 469 3869 508 3921; x_wconf 85' lang='lat' dir='ltr'><strong>Ne</strong></span> <span class='ocrx_word' id='word_1_247' title='bbox 525 3873 582 3935; x_wconf 85' lang='lat' dir='ltr'><strong>quis</strong></span> <span class='ocrx_word' id='word_1_248' title='bbox 598 3872 678 3934; x_wconf 87' lang='lat' dir='ltr'><strong>forte,</strong></span> <span class='ocrx_word' id='word_1_249' title='bbox 697 3884 749 3937; x_wconf 90' lang='lat' dir='ltr'><strong>quo</strong></span> <span class='ocrx_word' id='word_1_250' title='bbox 770 3871 895 3938; x_wconf 84' lang='lat' dir='ltr'><strong>Meyeri</strong></span> <span class='ocrx_word' id='word_1_251' title='bbox 915 3870 992 3921; x_wconf 88' lang='lat' dir='ltr'><strong>verba</strong></span> <span class='ocrx_word' id='word_1_252' title='bbox 1011 3876 1132 3934; x_wconf 87' lang='lat' dir='ltr'><strong>spectent,</strong></span> <span class='ocrx_word' id='word_1_253' title='bbox 1151 3871 1264 3934; x_wconf 87' lang='lat' dir='ltr'><strong>ignoret,</strong></span> 
     </span>
     <span class='ocr_line' id='line_1_32' title="bbox 136 3965 542 4028; baseline -0.005 -14"><span class='ocrx_word' id='word_1_254' title='bbox 136 3965 219 4028; x_wconf 84' lang='lat' dir='ltr'><strong>paneis</strong></span> <span class='ocrx_word' id='word_1_255' title='bbox 240 3965 302 4015; x_wconf 80' lang='lat' dir='ltr'><strong>haec</strong></span> <span class='ocrx_word' id='word_1_256' title='bbox 317 3967 427 4015; x_wconf 80' lang='lat' dir='ltr'><strong>notanda</strong></span> <span class='ocrx_word' id='word_1_257' title='bbox 445 3966 542 4028; x_wconf 85' lang='lat' dir='ltr'><strong>putavi.</strong></span> 
     </span>
    </p>
   </div>
   <div class='ocr_carea' id='block_1_8' title="bbox 168 4149 1265 4215">
    <p class='ocr_par' dir='ltr' id='par_1_9' title="bbox 168 4149 1265 4215">
     <span class='ocr_line' id='line_1_33' title="bbox 168 4149 1265 4215; baseline -0.004 -15"><span class='ocrx_word' id='word_1_258' title='bbox 168 4150 215 4200; x_wconf 88' lang='lat' dir='ltr'><strong>His</strong></span> <span class='ocrx_word' id='word_1_259' title='bbox 225 4150 281 4214; x_wconf 83' lang='lat' dir='ltr'><strong>jam</strong></span> <span class='ocrx_word' id='word_1_260' title='bbox 298 4151 402 4200; x_wconf 89' lang='lat' dir='ltr'><strong>editioni</strong></span> <span class='ocrx_word' id='word_1_261' title='bbox 424 4150 530 4215; x_wconf 86' lang='lat' dir='ltr'><strong>paratis,</strong></span> <span class='ocrx_word' id='word_1_262' title='bbox 546 4152 650 4202; x_wconf 78' lang='lat' dir='ltr'><strong>seorsim</strong></span> <span class='ocrx_word' id='word_1_263' title='bbox 669 4152 744 4201; x_wconf 86' lang='lat' dir='ltr'><strong>etiam</strong></span> <span class='ocrx_word' id='word_1_264' title='bbox 766 4151 913 4214; x_wconf 85' lang='lat' dir='ltr'><strong>evulgatum</strong></span> <span class='ocrx_word' id='word_1_265' title='bbox 933 4165 987 4201; x_wconf 87' lang='lat' dir='ltr'><strong>osse</strong></span> <span class='ocrx_word' id='word_1_266' title='bbox 1011 4159 1180 4200; x_wconf 83' lang='lat' dir='ltr'><strong>memoratum</strong></span> <span class='ocrx_word' id='word_1_267' title='bbox 1200 4149 1265 4197; x_wconf 85' lang='lat' dir='ltr'><strong>istud</strong></span> 
     </span>
    </p>
   </div>
   <div class='ocr_carea' id='block_1_9' title="bbox 138 4238 1373 4307">
    <p class='ocr_par' dir='ltr' id='par_1_10' title="bbox 138 4238 1373 4307">
     <span class='ocr_line' id='line_1_34' title="bbox 138 4238 1373 4307; baseline -0.003 -17"><span class='ocrx_word' id='word_1_268' title='bbox 138 4240 253 4293; x_wconf 90' lang='lat' dir='ltr'><strong>Baneri</strong></span> <span class='ocrx_word' id='word_1_269' title='bbox 279 4240 466 4307; x_wconf 70' lang='lat' dir='ltr'><strong>supplementum</strong></span> <span class='ocrx_word' id='word_1_270' title='bbox 485 4245 611 4307; x_wconf 86' lang='lat' dir='ltr'><strong>comperi,</strong></span> <span class='ocrx_word' id='word_1_271' title='bbox 635 4248 711 4305; x_wconf 86' lang='lat' dir='ltr'><strong>atque</strong></span> <span class='ocrx_word' id='word_1_272' title='bbox 732 4242 881 4306; x_wconf 86' lang='lat' dir='ltr'><strong>inscriptum</strong></span> <span class='ocrx_word' id='word_1_273' title='bbox 902 4257 970 4291; x_wconf 86' lang='lat' dir='ltr'><strong>esse:</strong></span> <span class='ocrx_word' id='word_1_274' title='bbox 991 4241 1077 4291; x_wconf 81' lang='lat' dir='ltr'><strong>Kritik</strong></span> <span class='ocrx_word' id='word_1_275' title='bbox 1098 4241 1141 4289; x_wconf 83' lang='lat' dir='ltr'><strong>‹ler</strong></span> <span class='ocrx_word' id='word_1_276' title='bbox 1165 4238 1264 4288; x_wconf 80' lang='lat' dir='ltr'><strong>Paulis.</strong></span> <span class='ocrx_word' id='word_1_277' title='bbox 1370 4264 1373 4267; x_wconf 92' lang='lat'>-</span> 
     </span>
    </p>
   </div>
   <div class='ocr_carea' id='block_1_10' title="bbox 139 4317 1267 4496">
    <p class='ocr_par' dir='ltr' id='par_1_11' title="bbox 139 4317 1267 4496">
     <span class='ocr_line' id='line_1_35' title="bbox 139 4317 1267 4400; baseline -0.001 -17"><span class='ocrx_word' id='word_1_278' title='bbox 139 4331 228 4400; x_wconf 75' lang='lat' dir='ltr'><strong>Bricse.</strong></span> <span class='ocrx_word' id='word_1_279' title='bbox 252 4333 328 4385; x_wconf 75' lang='lat' dir='ltr'><strong>Erato</strong></span> <span class='ocrx_word' id='word_1_280' title='bbox 344 4334 418 4385; x_wconf 81' lang='lat' dir='ltr'><strong>Abth.</strong></span> <span class='ocrx_word' id='word_1_281' title='bbox 434 4335 488 4386; x_wconf 86' lang='lat' dir='ltr'><strong>Der</strong></span> <span class='ocrx_word' id='word_1_282' title='bbox 509 4317 637 4400; x_wconf 77' lang='lat' dir='ltr'><strong>Ursprnnq</strong></span> <span class='ocrx_word' id='word_1_283' title='bbox 653 4334 695 4384; x_wconf 83' lang='lat' dir='ltr'><strong>cles</strong></span> <span class='ocrx_word' id='word_1_284' title='bbox 712 4330 898 4398; x_wconf 68' lang='lat' dir='ltr'><strong>Guhsterhriefis5</strong></span> <span class='ocrx_word' id='word_1_285' title='bbox 918 4332 999 4383; x_wconf 86' lang='lat' dir='ltr'><strong>Berol.</strong></span> <span class='ocrx_word' id='word_1_286' title='bbox 1022 4339 1094 4384; x_wconf 78' lang='lat'><strong>1850.</strong></span> <span class='ocrx_word' id='word_1_287' title='bbox 1132 4333 1178 4383; x_wconf 76' lang='lat' dir='ltr'><strong>eff.</strong></span> <span class='ocrx_word' id='word_1_288' title='bbox 1203 4346 1267 4395; x_wconf 85' lang='lat' dir='ltr'><strong>qnnc</strong></span> 
     </span>
     <span class='ocr_line' id='line_1_36' title="bbox 140 4423 1265 4496; baseline -0.001 -21"><span class='ocrx_word' id='word_1_289' title='bbox 140 4426 337 4494; x_wconf 82' lang='lat' dir='ltr'><strong>indignabundus</strong></span> <span class='ocrx_word' id='word_1_290' title='bbox 354 4430 453 4496; x_wconf 85' lang='lat' dir='ltr'><strong>scripsit</strong></span> <span class='ocrx_word' id='word_1_291' title='bbox 468 4428 604 4481; x_wconf 84' lang='lat' dir='ltr'><strong>Censorio</strong></span> <span class='ocrx_word' id='word_1_292' title='bbox 622 4427 686 4479; x_wconf 78' lang='lat' dir='ltr'><strong>tlseol.</strong></span> <span class='ocrx_word' id='word_1_293' title='bbox 705 4425 860 4479; x_wconf 80' lang='lat' dir='ltr'><strong>Literotnrhl.</strong></span> <span class='ocrx_word' id='word_1_294' title='bbox 880 4444 903 4477; x_wconf 79' lang='lat' dir='ltr'><strong>s.</strong></span> <span class='ocrx_word' id='word_1_295' title='bbox 920 4425 953 4476; x_wconf 81' lang='grc' dir='ltr'><strong>Α.</strong></span> <span class='ocrx_word' id='word_1_296' title='bbox 970 4426 1004 4476; x_wconf 88' lang='grc' dir='ltr'><strong>Κ.</strong></span> <span class='ocrx_word' id='word_1_297' title='bbox 1015 4425 1048 4476; x_wconf 91' lang='lat' dir='ltr'><strong>Z.</strong></span> <span class='ocrx_word' id='word_1_298' title='bbox 1062 4430 1136 4485; x_wconf 75' lang='lat'><strong>1852,</strong></span> <span class='ocrx_word' id='word_1_299' title='bbox 1152 4423 1195 4474; x_wconf 63' lang='grc' dir='ltr'><strong>ΝΟ.</strong></span> <span class='ocrx_word' id='word_1_300' title='bbox 1210 4431 1265 4474; x_wconf 82' lang='grc'><strong>131.</strong></span> 
     </span>
    </p>
   </div>
   <div class='ocr_carea' id='block_1_11' title="bbox 0 0 1409 4958">
    <p class='ocr_par' dir='ltr' id='par_1_12' title="bbox 0 0 1409 4958">
     <span class='ocr_line' id='line_1_37' title="bbox 0 0 1409 4958; baseline 0 0"><span class='ocrx_word' id='word_1_301' title='bbox 0 0 1409 4958; x_wconf 95' lang='lat' dir='ltr'><strong> </strong></span> 
     </span>
    </p>
   </div>
  </div>
 </body>
</html>
