2782 4958
127 331 168 393 76
614 348 765 391 uanatmo

125 515 204 589 illud
226 514 358 613 aggredi
389 526 619 602 consueverat,
651 525 699 601 et,
732 511 822 586 nulla
848 512 1023 587 deterritus
1049 513 1235 603 difficultate,

125 640 194 712 sine
220 637 456 711 intermissione
478 637 648 736 persequi,
671 660 732 710 nec
754 650 947 736 anteaquam
975 651 1142 735 peractum
1168 652 1242 711 esset

126 761 385 860 requiescereac
409 785 546 832 cessare.
579 757 686 847 Adeo,
709 784 812 857 quum
838 760 870 830 in
886 760 1022 857 singulis
1045 761 1162 854 pensis,
1182 774 1241 834 tum

125 884 278 957 universa
304 884 335 953 in
358 883 438 971 vita,
465 881 547 953 nibil
570 896 673 954 actum
697 881 873 978 reputabat,
897 882 973 953 dom
997 884 1075 981 quid
1101 883 1246 980 oqeoduns

125 1019 295 1104 superorat.
348 1006 429 1078 Nam
458 1030 497 1077 ex
518 1003 653 1102 juvenili
679 1003 743 1077 tto
771 1005 842 1100 ejus
867 1004 1048 1076 constantia
1072 1007 1247 1105 viriumque

127 1128 333 1201 contentione
355 1128 449 1200 facile
467 1127 626 1224 judicium
651 1139 720 1210 est,
750 1128 926 1200 maturiore
955 1141 1062 1201 aetate
1085 1142 1182 1229 atque
1202 1133 1248 1203 iu-

127 1251 241 1348 genio,
265 1249 352 1350 quali
378 1276 417 1323 ac
445 1275 543 1348 quam
575 1249 734 1324 indelessa
765 1252 1024 1348 perseverantirl,
1051 1253 1245 1350 gravioribus

127 1374 223 1447 etiam
241 1374 272 1445 in
290 1372 406 1446 studiis
427 1398 465 1446 ac
481 1372 771 1471 disquisitionibus,
790 1374 852 1445 sibi
869 1374 1066 1448 versandum
1082 1378 1241 1475 putaverit.

178 1623 301 1695 Verum
321 1646 362 1693 ex
386 1620 499 1694 eodem
521 1621 584 1694 boo
602 1623 737 1720 ingenii,
759 1622 856 1722 quale
879 1623 1031 1721 Collegae
1052 1623 1152 1697 luisse
1171 1623 1239 1696 ridi-

129 1772 221 1835 mus,
249 1770 378 1843 semper
406 1743 597 1818 aderitum
627 1746 840 1843 properantis,
865 1748 993 1820 fervore
1021 1760 1123 1848 atque
1146 1747 1240 1820 incita-

129 1869 233 1955 tione,
260 1868 346 1941 unde
372 1881 420 1940 tot
441 1868 527 1940 bona
545 1883 622 1941 sunt
645 1870 800 1967 prolecta,
828 1871 1073 1943 nonnullorum
1099 1871 1240 1944 exstitisse

129 1991 259 2065 videtur
281 1992 429 2090 querela,
458 1991 513 2089 qui
539 1992 570 2063 in
597 1992 879 2090 praestantissimis
906 1994 977 2091 ejus
1002 1994 1133 2092 scriptis
1159 2020 1242 2067 accu-

129 2132 232 2189 ratam
253 2115 393 2187 subinde
413 2113 477 2185 stili
503 2116 752 2188 concinnitatem
779 2115 954 2189 desiderari
983 2117 1088 2216 iisque
1114 2118 1244 2191 ultiman

130 2238 304 2339 aliquando
333 2238 441 2310 limam
477 2237 591 2311 deesse
617 2252 769 2336 putarent
799 2239 860 2338 (l).
911 2241 1089 2313 Enimvero
1120 2267 1162 2315 ne
1187 2242 1244 2340 ipse

130 2362 260 2463 quidem
284 2361 464 2460 ignorabat,
480 2387 556 2434 vere
580 2376 731 2435 monente
754 2362 920 2454 Cicerone,
941 2364 1115 2436 cavendum
1136 2390 1197 2437 esse
1215 2390 1245 2436 ne

127 2489 163 2559 in
187 2484 436 2582 fhstinotionibns
466 2485 582 2557 nimios
605 2487 810 2584 suscipiemus
839 2486 1010 2558 celeritates
1041 2488 1104 2586 (2).
1158 2492 1249 2588 Cujus

129 2609 177 2682 rei
205 2609 402 2681 documento
422 2620 480 2695 est,
506 2606 596 2706 quod
621 2608 652 2679 in
678 2608 828 2697 Historia,
856 2634 941 2708 quae
962 2611 1125 2685 Ecclesiae
1137 2613 1248 2687 Neder·

131 2732 273 2804 landicoe
297 2730 401 2802 Medio
426 2729 510 2801 Aeco
544 2732 617 2825 foto
644 2745 772 2821 narrat,
807 2733 896 2807 locos
925 2747 1054 2808 exstare
1085 2738 1247 2821 novimus,

130 2880 229 2954 quos,
251 2853 343 2925 novis
360 2850 533 2925 identidem
558 2854 646 2926 curis
666 2853 829 2944 adhibitis,
855 2856 906 2928 bis
927 2881 965 2929 ac
987 2871 1036 2930 ter
1059 2875 1249 2933 commenta·

130 2992 183 3051 tus
207 2978 248 3050 sit
269 2990 368 3076 atque
396 2975 573 3074 expolierit.
626 2979 696 3051 Nec
721 2993 770 3051 est
795 2991 903 3052 tamen
928 2981 1017 3079 quod
1045 3009 1157 3056 morae
1185 2998 1248 3057 tae·

129 3100 239 3199 diique
270 3099 463 3198 plerumque
493 3101 716 3197 patientiorem
741 3128 816 3176 eum
851 3104 950 3178 luisse
980 3110 1157 3204 negemus,
1182 3107 1248 3196 ubi,

130 3223 302 3296 historicos
320 3224 351 3294 in
371 3249 460 3311 usus,
482 3222 571 3295 arida
592 3225 691 3298 Medii
712 3226 795 3300 Aevi
814 3227 969 3301 Chronico
984 3230 1035 3302 vel
1056 3229 1249 3305 ActaSanr·

130 3363 230 3420 torum
266 3371 305 3419 ac
338 3347 522 3446 Martyrum
553 3347 690 3444 legenda
722 3363 816 3422 erant
846 3363 878 3422 et
907 3352 1126 3451 excerpenda,
1159 3379 1248 3454 quam

131 3475 188 3548 ubi
213 3499 299 3573 quae
328 3472 481 3545 meditate
505 3471 648 3571 quidem,
669 3472 727 3544 sed
749 3472 896 3546 celeriter
923 3475 1099 3573 scripserat
1127 3478 1196 3576 ipse
1214 3477 1249 3550 ad

132 3597 287 3672 orationis
304 3595 566 3694 perspicuitatem
595 3619 633 3667 ac
653 3594 717 3667 stili
743 3597 879 3668 nitorem
903 3596 1129 3695 componenda
1145 3625 1184 3671 ac
1204 3625 1250 3671 re·

130 3720 290 3818 fingenda.
342 3719 424 3805 Quis
449 3731 557 3791 autem
583 3743 708 3816 aequus
727 3743 836 3791 rerum
862 3719 984 3792 arbiter
1009 3720 1191 3810 mirabitur,
1217 3722 1248 3810 si,

127 3898 283 3911 ..ια-...ια-

167 3995 214 4066 (1)
234 3993 298 4048 Vid.
308 3993 390 4066 impr.
405 3993 671 4065 Royaurdsiani
695 3995 774 4048 Oratt.
788 4012 809 4048 a.
824 3994 1080 4051 Fasciculr'censura
1095 3996 1125 4051 in
1139 3999 1247 4072 Ephem.

134 4095 274 4150 Wcarleeid
300 4094 328 4146 r'n
358 4093 459 4161 Liefde,
483 4099 565 4148 1842.
587 4100 615 4147 4.
637 4113 663 4166 p.
685 4099 737 4148 798
758 4111 821 4165 sqq.
863 4094 925 4159 Qua
947 4101 1040 4150 tamen
1069 4097 1143 4152 teoto
1164 4095 1250 4154 subtili

128 4198 259 4261 censura,
281 4191 363 4265 aequi
378 4192 481 4264 judicis
500 4192 623 4246 futurum
642 4192 726 4247 fuisse
746 4193 853 4264 putari,
875 4201 905 4248 ut
924 4194 982 4249 stili
1002 4213 1057 4250 non
1078 4196 1149 4252 vitia
1168 4198 1248 4253 solum

128 4293 405 4365 reprehenderentur,
426 4293 474 4346 sed
492 4291 610 4348 virtutes
632 4291 731 4360 etiam,
753 4291 781 4346 in
801 4292 900 4364 quibus
920 4293 1015 4349 nativa
1035 4294 1129 4368 aliqua
1149 4292 1248 4352 dicendi

130 4390 301 4463 simplicitas,
323 4391 512 4446 laudarentur.

167 4490 212 4563 (2)
233 4489 299 4545 (tic.
321 4493 350 4545 de
371 4490 482 4561 officior,
505 4492 530 4545 1.
550 4491 688 4548 XXXVI.
713 4497 780 4556 131,
800 4509 835 4546 ex
855 4491 899 4547 cd.
923 4492 1052 4548 Beieri.
