2782 4958
610 387 773 432 censurae.
1218 364 1261 426 aa

123 555 267 622 omuibus
289 557 340 637 iis,
366 576 441 639 qnae
463 555 499 620 ad
516 558 692 637 populorum
716 554 832 637 antiqui
848 552 929 617 orbis
955 552 1152 616 Orientalium
1172 551 1263 615 Anti·

123 673 271 755 qna‘tetem
291 671 433 735 latissime
455 675 583 734 sumtum
606 670 788 735 referuntur.
836 668 954 732 Etenim
977 666 1062 730 dictu
1086 665 1262 730 incredibile

124 794 171 852 est
193 788 270 853 scita
292 792 323 850 et
353 791 522 871 opportuna
544 785 650 850 harum
672 805 772 849 rerum
796 783 1010 847 animadversio
1036 786 1178 865 quantam
1200 780 1262 845 vim

126 900 235 967 babeat
269 909 300 968 et
332 901 497 967 utilitatem
520 901 556 966 ad
579 902 752 966 interiorem
775 899 940 964 multorum
963 898 1097 962 locorum
1119 901 1150 960 et
1172 897 1263 960 ratio-

127 1036 198 1080 nem
229 1015 458 1103 intelligendam
492 1023 523 1081 et
553 1014 788 1103 pulcritudinem
817 1012 1016 1078 sentiendam.
1075 1013 1139 1086 Quo
1169 1010 1265 1096 magis

126 1129 229 1195 dolere
258 1130 339 1195 soleo
370 1130 528 1195 hodiernos
560 1131 737 1215 interpretes
760 1149 821 1192 non
851 1148 981 1213 mneos,
1013 1149 1102 1210 quam
1125 1125 1264 1210 loquaces

125 1249 200 1309 snnt
222 1245 424 1331 grammaticis
441 1247 476 1309 in
497 1244 598 1321 rebus,
620 1244 658 1308 iis
675 1245 765 1308 etiam
784 1243 868 1328 ipsis,
890 1262 965 1326 quae
983 1241 1060 1306 nihil
1079 1240 1265 1306 difficultatis

126 1357 293 1434 habebant,
317 1359 525 1435 excutiendis,
554 1363 615 1423 tam
637 1363 737 1423 mutos
761 1379 822 1421 non
845 1378 911 1421 raro
935 1356 1115 1442 deprehendi
1138 1376 1171 1420 ac
1193 1356 1266 1419 teci.

126 1479 248 1548 ternos,
264 1472 319 1538 abi
342 1496 379 1537 ex
402 1475 453 1556 iis,
478 1494 553 1557 quos
576 1474 652 1549 dixi,
678 1471 814 1538 lontibus
836 1472 913 1536 lucis
930 1471 1044 1557 aliquid
1067 1472 1265 1537 hauriendum

125 1595 201 1654 erat.
242 1589 323 1663 Quae
345 1594 444 1654 tamn
467 1588 659 1674 reprehensio
682 1589 715 1650 in
739 1585 813 1652 alios
835 1588 931 1673 magis
949 1589 1101 1668 convenit,
1124 1608 1213 1671 quarn
1233 1590 1265 1651 iu

128 1703 380 1781 Knobelium3
405 1704 469 1787 qui,
491 1723 584 1786 quum
604 1703 667 1787 jam
690 1707 769 1766 recte
791 1701 951 1784 aliquando
976 1701 1028 1765 has
1050 1724 1096 1766 res
1118 1703 1265 1788 attigerit,

126 1821 249 1884 tertiam
270 1821 297 1882 si
319 1819 437 1902 quando
458 1819 607 1882 curaverit
631 1817 836 1882 commentarii
859 1817 1034 1892 editionem,
1057 1817 1204 1902 pleniore,
1231 1822 1267 1882 ut

125 1956 294 2022 speramus,
320 1940 409 2017 atque
430 1933 568 1998 uberiore
592 1954 640 1996 eas
662 1932 875 2018 complectetur
896 1934 1102 1997 annotatione.

173 2052 297 2124 Verum,
322 2049 369 2113 his
391 2069 474 2113 nunc
497 2049 617 2132 quidem
638 2048 799 2133 paullisper
816 2049 928 2124 missis,
951 2047 1033 2112 aliud
1053 2048 1126 2131 quid
1146 2068 1267 2122 monere

127 2164 230 2249 juvat,
255 2164 336 2248 quod
359 2169 481 2228 etcum
504 2166 687 2250 antegressa,
713 2163 794 2227 unde
812 2165 910 2227 exorsi
928 2184 1041 2237 mmus,
1065 2163 1266 2248 disputatione

126 2280 328 2363 conjunctum
349 2283 396 2343 est
418 2283 537 2343 etcum
559 2300 607 2353 eo,
621 2278 658 2342 de
677 2299 737 2361 quo
756 2298 851 2360 quum
874 2277 1002 2340 maxime
1022 2278 1149 2363 agimus,
1170 2275 1264 2341 Theo·

130 2391 197 2478 logi
220 2392 380 2457 Giemensis
402 2413 501 2477 opere.
550 2393 827 2471 Interpretntiona‘a,
853 2392 916 2455 suis
941 2390 1094 2456 absolutae
1117 2392 1263 2478 partibus,

128 2505 267 2572 cilicium
288 2528 351 2572 esse
373 2507 506 2582 ridetur,
530 2513 566 2572 ut
588 2527 650 2571 non
672 2506 769 2570 solum
792 2506 865 2590 qnid
886 2505 922 2569 ab
945 2507 1072 2570 Auctore
1095 2507 1209 2571 dictum
1228 2509 1269 2572 sit

130 2621 274 2706 dispiciat
295 2640 329 2686 ac
352 2622 496 2704 definiat,
531 2620 584 2687 sed
610 2623 684 2686 item
707 2624 795 2706 quale
817 2622 856 2684 sit
878 2619 955 2685 illud
978 2620 1059 2704 quod
1085 2621 1176 2685 dixit.
1223 2623 1267 2685 lta

131 2742 217 2802 certe
247 2734 447 2801 statuentibus
470 2736 673 2801 Grammaticis
693 2736 828 2820 antiquis
839 2734 1063 2821 „elegantissimi
1087 2737 1198 2820 quique
1222 2756 1268 2799 re-

129 2853 282 2917 centiores
303 2857 490 2916 assenoerunt
513 2852 711 2916 Litteratores.
744 2851 868 2926 lccireo,
894 2852 919 2914 si
942 2850 990 2914 vel
1010 2849 1118 2937 ligatae
1137 2850 1184 2915 vel
1202 2872 1268 2936 pro·

127 2987 180 3030 sae
212 2965 355 3029 orationis
384 2965 530 3050 scripturn
559 2963 681 3048 aliquod
704 2965 815 3028 eximit
841 2964 1048 3048 pulcritudine
1073 2963 1196 3029 excellit
1217 2971 1270 3030 aut

130 3078 337 3155 sublimitate,
370 3078 571 3170 intelligentis
601 3078 736 3162 cultique
759 3100 820 3142 non
843 3100 906 3142 esse
930 3080 1047 3142 hetonae
1068 3097 1172 3141 omnes
1194 3077 1269 3141 mihi

129 3195 310 3270 concedent,
324 3194 361 3259 ad
383 3199 497 3259 tantmn
520 3193 604 3258 illius
618 3196 739 3282 stipere
758 3215 792 3257 ac
807 3198 926 3278 torpere
943 3193 1166 3276 praestantiam,
1180 3196 1269 3274 atque

130 3311 175 3374 ita
197 3309 389 3384 sentientem,
415 3314 468 3373 aut
490 3310 592 3394 potius
613 3310 656 3373 ita
678 3307 755 3372 nihil
787 3308 976 3389 sentientem,
1001 3306 1078 3372 illud
1101 3305 1211 3393 legere,
1236 3329 1270 3371 ec

129 3425 169 3498 si,
197 3424 254 3487 otii
276 3419 399 3486 fallendi
421 3424 537 3504 caused,
562 3421 741 3487 levissimam
763 3422 893 3505 aliquam
917 3421 1012 3486 oculis
1029 3420 1165 3507 pervolet
1186 3420 1270 3486 iabu-

131 3536 192 3600 lam
215 3537 366 3620 hspesiam
388 3536 451 3601 sire
474 3535 627 3600 Milesiam.
656 3573 697 3584 -
720 3538 783 3600 lam
805 3557 876 3600 vero
899 3535 926 3598 si
948 3535 1069 3621 frigere,
1099 3534 1153 3600 ubi
1176 3535 1271 3600 calere

129 3651 234 3737 potius
246 3649 414 3736 oportebat,
429 3653 563 3716 lectorem
575 3650 709 3727 dedecet,
728 3651 973 3730 Interpreta'sane
995 3650 1027 3714 id
1047 3650 1188 3715 decorum
1209 3673 1271 3715 esse

130 3789 194 3832 non
217 3772 325 3852 potest.
352 3766 406 3830 Cui
426 3765 599 3852 praesertim
618 3766 654 3829 ad
666 3763 936 3850 pulcherrimorum
951 3765 1125 3850 quorumvis
1137 3765 1271 3829 locorum

133 3882 300 3969 pleniorem
319 3879 550 3966 intelligentiam
573 3880 688 3944 aditum
707 3879 753 3943 illi
773 3880 932 3965 aperiundi
949 3886 1038 3963 atque
1057 3880 1272 3966 expeditiorem

133 3996 278 4062 reddendi
299 4001 405 4081 sponte
428 4002 601 4081 srrseeptum
624 3995 778 4060 incumbat
798 3995 942 4060 officium.
973 3995 1051 4070 Quid
1069 3995 1188 4060 multa?
1207 3998 1272 4060 Non

133 4111 296 4176 admodum
327 4110 403 4174 mihi
430 4132 534 4175 eorum
562 4109 660 4194 placet
686 4112 862 4175 institutum
884 4111 1100 4196 interpretum,
1135 4111 1188 4193 qui
1211 4115 1272 4174 tam

135 4229 267 4291 tonaliter
289 4228 422 4290 actarde
440 4226 600 4310 jejunitste
615 4227 726 4289 lesaiae
745 4224 930 4308 aliorumque
949 4227 1107 4290 Poetarum
1127 4224 1273 4290 Hebraeo·

135 4361 202 4404 rum
225 4342 358 4404 carmina
380 4346 530 4421 enarrant,
556 4345 592 4406 ut
614 4342 737 4405 tenuius
759 4363 819 4405 non
847 4346 966 4426 possent
990 4362 1046 4405 nec
1071 4340 1220 4426 jejunius,
1246 4343 1272 4405 si

135 4454 336 4519 aridissimum
356 4453 478 4538 aliquod
497 4475 531 4519 ae
553 4455 681 4519 manime
701 4452 870 4520 balbutiens
889 4453 1098 4541 explicandum
1117 4455 1176 4521 sihi
1193 4477 1273 4521 sum·

1089 4574 1104 4634 7
1118 4568 1139 4611 n
