2782 4958
225 357 288 419 166
706 374 869 419 1111110111

233 547 340 610 »etiam
362 546 426 625 ipse
448 569 467 609 n
486 544 619 624 partium
641 547 752 609 stadiis
773 546 874 610 alieno
884 545 1025 630 judicare
1040 554 1144 626 potest
1166 544 1294 612 animo.”
1308 582 1336 593 -

229 661 314 736 Quod
344 661 498 744 profecto,
532 681 592 743 quo
620 659 732 744 magis,
761 659 854 722 animi
886 658 1015 722 candore
1044 663 1135 741 atque
1165 660 1337 744 integritate,

226 775 421 839 Liickium
444 773 530 838 nobis
550 771 643 857 aliqui
666 770 813 851 retulerit,
832 794 867 836 eo
891 773 989 837 verius
1012 773 1049 837 de
1072 794 1107 837 eo
1124 774 1283 858 praedicari
1301 795 1338 858 po

227 889 308 952 terit.
357 886 429 951 Mihi
463 887 605 970 quidem,
630 889 705 964 etsi,
730 910 787 952 1100
817 887 854 952 de
885 889 1100 953 De·Wettio
1131 911 1189 953 neo
1222 911 1288 954 vero
1313 890 1338 952 de

227 1001 421 1082 Ebrardo,
447 1003 560 1086 optimo
592 1024 660 1066 cum
692 1004 761 1065 Viro
790 1001 878 1086 piane
908 1004 1126 1076 consentienti,
1153 1005 1235 1068 vario
1261 1009 1338 1068 tanen

228 1118 349 1180 nomine
373 1116 449 1180 lecta
472 1114 577 1180 haecce
599 1116 713 1200 placuit
736 1138 770 1180 ec
792 1116 902 1180 reiecta
923 1115 1006 1180 illius
1027 1117 1184 1201 praefatio.

273 1349 373 1410 Restat
402 1351 437 1407 ut
459 1365 552 1428 pauca
580 1343 617 1407 de
641 1345 858 1407 Hermanno
880 1347 1049 1408 Messuer
1072 1345 1230 1420 dicamus,
1255 1344 1340 1409 110111·

228 1462 305 1524 miae
328 1459 417 1522 modo
439 1465 524 1522 antea
548 1459 790 1544 Goettingeusis,
816 1480 897 1522 nunc
925 1458 1125 1524 berolinensis
1149 1462 1215 1542 (1),
1241 1461 1341 1523 11001010

227 1576 355 1659 privato.
394 1576 459 1648 Quo
475 1579 609 1648 curante,
627 1595 655 1636 a.
678 1576 776 1648 1855,
797 1574 916 1638 tertium
935 1579 981 1638 est
999 1575 1079 1638 edita
1096 1575 1343 1640 De-Wettiana

227 1690 378 1772 utriusque
401 1690 442 1750 od
464 1688 632 1753 Corinthios
648 1688 805 1767 Epiatotce
827 1690 1043 1773 interpretatio.
1082 1691 1175 1773 Cujus
1196 1690 1279 1774 pensi
1296 1709 1344 1751 sus

228 1803 359 1888 cipiendi
383 1823 502 1866 suasore
517 1824 590 1866 usus
614 1808 659 1867 est
681 1825 715 1867 ac
737 1804 950 1886 monitorem,
973 1826 1063 1887 quem
1085 1805 1178 1868 modo
1200 1804 1343 1876 nominari,

227 1918 394 1982 Li'rckio.
443 1918 518 1993 Cui,
551 1917 695 2000 quamdiu
725 1919 860 1994 viveret,
888 1925 1071 2002 quantopere
1101 1940 1192 1983 curae
1227 1918 1345 1999 cordique

228 2033 403 2098 Basilee'nsis
432 2038 507 2096 esset
536 2033 632 2096 Amici
667 2034 917 2108 commentarius,
954 2054 1049 2116 quum
1081 2032 1171 2097 nobis
1205 2034 1287 2097 testis
1312 2035 1345 2093 est

228 2150 470 2221 Messncrus,
492 2151 558 2208 tum
577 2144 761 2229 comprobat,
780 2166 870 2227 quem
890 2146 1132 2222 memoravimus,
1150 2148 1346 2231 Apoealypaeor

229 2260 382 2346 prologus.
428 2259 574 2322 Lr'ickii
598 2259 705 2343 igitur,
731 2258 922 2341 praefationis
944 2257 1047 2338 initio,
1071 2259 1121 2342 pie
1144 2256 1278 2322 salutatis
1296 2278 1346 2319 ma·
1376 2264 1389 2341 ’ξ

228 2371 331 2452 nibus,
356 2370 444 2455 quale
466 2370 523 2435 sibi
547 2369 624 2435 libro
646 2370 808 2455 repetendo
831 2370 990 2434 consilium
1006 2373 1211 2456 proposuerit,
1232 2376 1346 2437 accurate
1387 2412 1389 2425 ·

230 2487 371 2570 deinceps
398 2486 533 2569 exponit.
582 2485 805 2548 Bruckneri
828 2485 929 2560 enim,
954 2483 1033 2567 quod
1062 2484 1291 2568 descripsimus,
1312 2484 1346 2545 in·

229 2601 370 2664 stitutum
393 2621 486 2682 quum
509 2598 625 2662 videret
639 2619 729 2680 quam
751 2598 893 2683 gravibus
915 2606 1100 2682 premeretur
1123 2596 1346 2672 difficultatibus,

228 2712 313 2776 illius
336 2713 456 2796 quidem
480 2711 636 2796 exemplo,
661 2733 738 2796 quae
761 2734 854 2796 pauca
882 2718 1049 2796 repererat,
1075 2713 1207 2777 inseruit
1229 2711 1349 2776 Auctoris

230 2831 371 2890 annotata
393 2826 611 2910 manuscripta;
630 2830 776 2888 caeterum
800 2826 942 2889 arctiores
963 2824 1013 2888 1110
1034 2823 1092 2888 sibi
1115 2824 1230 2890 limites
1252 2845 1349 2909 ponen-

231 2940 284 3003 dos
314 2960 376 3002 esse
399 2939 594 3004 existimavit.
642 2941 682 3003 De
713 2939 825 3003 criticis
848 2939 943 3024 igitur
966 2944 1055 3021 atque
1078 2940 1264 3025 exegeticis,
1288 2957 1350 3022 quae

230 3052 261 3116 in
286 3073 409 3114 censum
431 3051 604 3132 veniebant,
628 3050 852 3135 quaestionibus
877 3055 932 3116 sua
954 3053 1006 3116 vix
1029 3073 1164 3135 unquam
1188 3052 1352 3138 interpositi

231 3189 265 3230 ac
287 3165 408 3250 proditd
429 3166 597 3236 sententia,
623 3166 666 3228 sic
688 3166 827 3230 Auctoris
850 3168 935 3249 quasi
959 3167 1104 3230 vicarium
1127 3188 1218 3252 agere
1240 3166 1351 3244 maluit,

231 3289 280 3362 ut,
305 3282 386 3365 quod
409 3283 529 3367 ipsum,
553 3282 579 3345 si
602 3282 737 3363 viveret,
762 3282 910 3345 facturum
933 3281 1024 3344 fuisse
1051 3279 1207 3364 probabile
1229 3287 1306 3361 erat,
1327 3277 1353 3342 id

231 3395 315 3461 illius
337 3397 404 3460 1000
434 3401 593 3480 praestaret
615 3397 730 3461 Editor.
779 3396 844 3471 Quo
870 3394 929 3458 sibi
952 3395 1104 3479 proposito
1129 3395 1277 3471 consilio,
1300 3393 1353 3480 ple·

232 3533 359 3595 rumque
382 3513 480 3596 operis
502 3509 606 3589 solam,
631 3533 721 3594 quam
745 3509 837 3595 vulgo
865 3509 975 3573 eximie
997 3514 1118 3585 vocant,
1143 3510 1355 3574 annotationes

233 3625 415 3691 litterariam
436 3626 499 3690 sive
522 3626 751 3700 Mttercturnm,
776 3622 972 3709 supplendam
994 3624 1101 3687 sumsit
1123 3645 1158 3687 ae
1180 3623 1355 3708 locupletan-

232 3740 312 3803 dam.
361 3739 436 3816 Ubi,
470 3761 531 3803 uon
562 3740 650 3803 unice
674 3739 807 3822 quidem,
832 3737 883 3801 sed
905 3737 1035 3800 maxime
1057 3742 1157 3801 tamen
1181 3739 1215 3802 id
1239 3739 1300 3823 egit
1327 3738 1356 3798 ut

231 3853 351 3936 110110,
376 3876 471 3938 quae,
497 3860 565 3938 post
587 3855 697 3918 iterum
729 3853 844 3917 editum
867 3852 1135 3934 commentarium,
1160 3853 1199 3917 ad
1224 3853 1274 3917 has
1294 3850 1355 3915 illu-

209 4047 384 4058 .—--...-.

267 4167 305 4229 (1)
326 4165 462 4232 Goettinga
480 4169 627 4220 Berolinurn
647 4171 743 4220 abitum
762 4183 789 4218 sc
809 4183 912 4231 parare,
931 4181 1012 4231 nuper
1030 4165 1184 4229 significavit
1202 4167 1252 4216 Vir
1269 4168 1352 4220 doctus,

232 4263 303 4325 operi
322 4262 450 4325 praefatus
467 4281 481 4313 n
500 4279 526 4312 se
545 4265 658 4312 edendo:
687 4263 734 4312 Die
751 4261 829 4311 Lelere
848 4260 890 4309 der·
910 4259 1012 4324 Aposrel
1030 4258 1183 4325 110190010ἰὶ1,Ι
1203 4259 1272 4324 Lips.
1291 4261 1351 4306 1856.

232 4360 279 4404 421
301 4371 343 4419 pp.
363 4387 390 4394 —-
412 4357 543 4407 Moderata
571 4359 691 4422 scripturn
711 4359 777 4406 hunc
796 4355 907 4410 librum,
926 4356 970 4417 qui
997 4371 1012 4403 a
1036 4352 1182 4404 Neandri
1209 4364 1288 4405 mente
1312 4362 1351 4400 1101

231 4448 308 4513 100ςο
326 4453 442 4527 recedere
462 4452 572 4512 videtur,
593 4452 726 4514 nondum,
748 4458 774 4499 ut
792 4465 837 4513 par
856 4457 925 4509 0111,
945 4449 1029 4512 legere
1047 4450 1128 4513 potui.
