2782 4958
539 357 743 413 onrnsrronrs.
1140 337 1204 403 227

69 529 238 603 doctrinae,
261 527 295 589 in
318 524 429 609 quibus
451 524 634 609 explicandis
656 530 738 591 totns
760 529 822 590 erat
844 527 949 592 Petrus
971 530 1002 591 et
1023 525 1157 592 Joouoes
1173 529 1205 590 et

67 643 210 718 Paullus,
236 662 284 704 eas
307 640 359 704 vix
382 645 434 705 aut
449 662 487 704 ne
508 641 561 704 vix
578 640 701 724 quidem
727 642 888 727 attingeret
901 643 1042 718 Iacobum
1058 679 1100 690 —
1119 641 1203 718 item,

68 758 145 841 quid
175 758 203 820 ei
229 778 347 820 caussae
375 757 478 836 fuerit,
515 755 594 839 quod
625 777 686 819 non
721 757 821 820 minus
843 753 990 838 mirabile,
1022 762 1057 820 ut
1082 756 1204 840 pietatis

70 872 206 955 quidem,
232 871 365 953 virtutis,
391 871 552 954 patientiae
576 869 721 953 exempla,
754 872 857 936 Vetere
875 873 908 935 in
934 873 1117 936 Testamenta
1141 891 1202 935 me·

68 987 183 1050 moriae
207 985 336 1070 prodito,
361 983 524 1049 lectoribus
546 985 693 1049 imitanda
715 983 945 1060 commendaret,
971 1004 1089 1048 cnarsm
1110 1003 1201 1058 vero,

67 1122 166 1164 unum
190 1101 326 1164 omnium
348 1098 645 1185 praestantissimum,
677 1098 847 1184 exemplum
873 1098 960 1185 plane
983 1100 1130 1164 intactum
1157 1119 1203 1162 re·

67 1214 256 1299 linqueret(
282 1216 306 1298 ).
382 1248 384 1253 ·

568 1419 617 1475 111
643 1403 702 1493 (t).

113 1561 199 1623 lusti
221 1561 285 1623 sine
309 1563 412 1626 causet
435 1565 465 1624 et
488 1558 539 1623 alii
562 1561 592 1622 et
615 1578 749 1621 summus
770 1556 842 1621 adeo
865 1555 1042 1622 Winerus
1065 1552 1116 1641 (3)
1137 1573 1202 1620 orc-

66 1673 163 1738 tionis
196 1676 447 1743 α’νακολουθίαν
479 1671 701 1757 deprehendere
734 1670 792 1734 sibi
816 1670 871 1734 visi
897 1673 984 1748 sunt,
1014 1667 1088 1750 ubi,
1112 1668 1200 1733 Rom.

66 1787 140 1850 VIII.
166 1788 199 1863 3,
233 1789 366 1852 absolute
396 1787 485 1852 verba
515 1787 768 1871 praemittuntur:
800 1789 837 1851 τὸ
872 1790 932 1870 γὰρ
956 1785 1122 1852 ἀδύνατον
1145 1786 1202 1849 τοῦ

66 1906 200 1985 Νόμου,
227 1922 302 1984 quae
325 1902 467 1967 vertenda
486 1905 576 1965 sunt:
601 1902 643 1964 oct
665 1900 702 1962 id
728 1899 807 1962 euim
828 1898 905 1981 quod
921 1896 1046 1973 attinet,
1069 1895 1117 1959 cai
1140 1897 1202 1980 effi·

65 2016 171 2082 ciendo
186 2016 284 2097 impar
307 2026 372 2083 erut
390 2018 464 2084 Lea.
487 2021 553 2094 Quo
565 2017 642 2082 facto
659 2016 759 2080 omnia
773 2012 885 2098 optime
901 2010 1057 2076 cohaerere
1072 2008 1200 2077 videbis.

608 2218 660 2274 IV.

113 2355 180 2418 Non
201 2354 326 2421 meliore
345 2355 414 2439 jure
435 2355 516 2420 idem
538 2375 597 2420 usu
619 2354 721 2418 venire
745 2352 896 2417 existimat
911 2352 962 2415 Vir
983 2349 1200 2435 praestantissi-

64 2488 135 2532 mos
155 2469 243 2533 Rom.
268 2471 315 2534 XI.
340 2471 396 2534 13.
424 2471 466 2534 ld
493 2469 552 2555 (l).
601 2468 657 2533 Ubi
680 2468 945 2544 constructionem,
976 2466 1042 2529 sine
1067 2463 1131 2530 ullo
1156 2485 1202 2529 as·

63 2581 166 2644 sumti
187 2580 271 2644 illius
293 2579 454 2664 anomalit,
479 2579 658 2664 expediendi
680 2579 791 2665 duplex
808 2579 896 2644 nobis
910 2581 958 2645 via
973 2583 1066 2665 patet.
1090 2581 1202 2645 Altera

62 2697 102 2757 ut
125 2694 266 2757 sectionis
293 2697 332 2758 13
356 2693 465 2759 rerba:
493 2691 543 2778 ἐφ’
568 2699 643 2763 ὅσον
669 2733 711 2742 -
728 2694 948 2773 Ἀπόστολος,
974 2716 1043 2760 cum
1065 2694 1201 2780 proxime

62 2807 311 2892 praecedentibus
334 2809 572 2894 conjungamus:
595 2810 676 2874 actia
697 2809 776 2873 euim
798 2810 861 2875 dico
881 2810 1029 2893 pentibus,
1059 2817 1202 2894 quotenus

59 2922 195 3006 petatium
218 2944 267 3005 epo
288 2942 353 2985 sirm
373 2926 503 3001 Apostol
540 2969 548 2987 .
596 2924 707 2986 Altera
724 2927 761 2986 ut
781 2923 922 2986 sectionis
946 2923 987 2986 lt
1010 2921 1100 2985 initio
1132 2925 1202 2985 ante

63 3033 208 3101 verberi
239 3064 305 3114 πως
337 3036 561 3122 παραζηλώσω
595 3033 804 3118 suppleamus:
827 3039 923 3102 τοῦτο
958 3035 992 3098 δὲ
1020 3040 1119 3115 ποιῶ,
1152 3033 1201 3098 vel

64 3147 164 3214 simile
187 3149 273 3233 quid.
312 3150 396 3215 Prior
418 3148 494 3213 ratio
517 3170 534 3212 a
556 3145 748 3232 simplicitate
770 3145 1005 3213 commendanda
1024 3146 1155 3212 videtur.

610 3348 652 3431 pv.

111 3489 220 3553 Contra
242 3489 365 3555 omuino
388 3488 475 3555 nobis
496 3490 577 3556 idem
599 3489 768 3574 sequendus
790 3494 835 3554 est
857 3489 1042 3567 Winerus
1062 3488 1122 3574 (5),
1145 3487 1199 3556 ubi

101 3691 136 3750 (1)
153 3689 219 3740 Prae
236 3693 341 3742 caeteris
359 3693 424 3744 hano
443 3696 474 3744 ad
493 3694 668 3758 quaestionem
685 3690 857 3742 eonsnlandns
875 3693 913 3739 ast
930 3686 1199 3741 Schneckonbur·

66 3796 170 3846 geras,
190 3785 234 3848 qui
252 3786 333 3834 molta
350 3787 416 3836 bona
434 3786 523 3848 habet,
541 3799 593 3836 non
611 3785 685 3836 nulla
702 3791 787 3834 tamon
805 3785 893 3833 minna
910 3783 1051 3848 probanda.

101 3875 141 3938 (2)
159 3874 225 3926 Com
244 3875 342 3935 Queat
358 3878 477 3930 III-VI
492 3879 574 3940 cont,
590 3878 648 3928 Lib.
666 3877 689 3936 l,
708 3893 734 3942 p.
755 3881 817 3936 184,
835 3874 880 3934 aa.
896 3874 947 3927 III.

53 4002 55 4006 v
100 3968 142 4030 (3)
159 3965 265 4018 Gramm.
283 3968 322 4021 N.
341 3968 372 4019 T.
396 3972 437 4020 ed.
456 3977 482 4030 6,
504 3987 529 4036 p.
549 3974 611 4030 5073
634 3972 679 4022 ubi
697 3978 792 4030 tamen,
812 3984 885 4020 secus
907 3984 935 4019 ac
952 3969 1048 4019 facerat
1065 3968 1198 4034 proximae

67 4061 106 4109 ad.
127 4065 140 4108 5
163 4074 187 4124 p.
214 4066 277 4120 623,
305 4062 381 4113 oliam
407 4063 485 4114 etiam
508 4064 636 4128 quandam
656 4070 780 4115 memoret
805 4062 1000 4114 constructionis
1026 4061 1198 4126 expediendae

66 4152 200 4202 rationem.

102 4240 137 4302 (4)
155 4244 187 4294 L.
203 4246 273 4296 laod.

103 4335 138 4390 (5)
156 4336 187 4386 L.
203 4337 221 4386 l.
238 4353 263 4402 p.
282 4343 344 4398 504,
365 4340 423 4390 coll.
444 4356 469 4406 p.
489 4346 549 4392 491.
585 4339 657 4406 Haec
679 4342 710 4393 de
728 4342 811 4408 prlore
829 4343 896 4401 loco;
916 4342 947 4392 de
967 4341 1048 4392 eltero
1068 4339 1198 4405 praeclara

67 4435 151 4480 exstat
168 4431 305 4496 disputato
322 4449 347 4498 p.
369 4438 428 4485 503.

993 4528 1064 4596 15*
