2782 4958
231 338 274 401 bd
720 350 871 394 manuario

234 534 284 597 est
300 527 379 621 quin
405 520 457 593 his
480 517 664 618 aequalium
689 515 842 590 laudibus
859 514 901 588 sit
922 540 1095 588 assensura
1118 518 1290 614 posteritas.
1310 523 1337 592 lu

232 646 329 744 longe
357 643 545 717 difficillima
572 644 657 713 enim
689 638 743 711 blo
773 636 966 711 versabatur
995 638 1159 712 Historiae
1183 655 1289 738 parte,
1309 642 1340 715 ad

231 770 327 865 cujus
351 764 568 866 dispellendas
589 760 728 836 nebulas
747 760 967 859 tenebrasque
990 761 1096 860 lyncei
1120 787 1186 835 nun
1212 789 1283 837 raro
1299 791 1341 839 re·

232 892 449 991 quirebantur
473 889 568 963 oculi.
621 891 671 961 Ac
692 888 782 961 dictu
809 888 999 963 incredibile
1023 889 1127 963 estin
1152 892 1342 983 excutiendis,
1378 894 1381 969 ἱ

230 1014 433 1112 judicandis,
459 1014 492 1086 in
517 1015 643 1108 frugem
669 1012 898 1087 convertendis
918 1011 1096 1103 Chronicis,
1123 1015 1248 1102 Bellis,
1270 1018 1345 1088 Mur-

231 1138 410 1236 tyrolopiis,
431 1137 619 1210 Sanctorum
642 1136 731 1209 Actis
756 1136 893 1237 aliisque
916 1135 1015 1209 Medii
1040 1137 1124 1210 clevi
1143 1139 1345 1211 Monumentis

229 1285 330 1360 quarn
360 1260 583 1333 admirabilem
610 1272 643 1332 et
666 1259 888 1333 assiduitatem
918 1259 1064 1358 posuerit
1089 1271 1124 1332 et
1149 1262 1345 1333 coustantium

229 1395 263 1455 et
291 1383 454 1456 solertiam
485 1396 518 1456 et
548 1381 715 1456 doctrinae
744 1383 870 1481 copiam
896 1381 957 1482 (t).
1010 1385 1085 1468 Quo
1116 1381 1204 1456 lacto
1230 1383 1344 1457 arduam

229 1504 326 1590 hanc,
352 1504 379 1576 si
407 1531 493 1605 quae
518 1505 594 1594 alia,
617 1504 874 1604 disquisitionem
902 1503 944 1578 ad
974 1506 1095 1578 exitum
1126 1505 1280 1597 adduxit,
1306 1507 1344 1580 vel

229 1642 411 1703 certumst
435 1628 658 1726 exploratum,
681 1628 751 1716 vel,
777 1628 835 1700 ubi
863 1629 918 1702 hic
943 1654 1002 1726 per
1026 1629 1283 1703 testimoniorum
1303 1629 1344 1703 de

230 1754 351 1827 lectum
383 1778 594 1852 pugnamque
618 1753 732 1850 attingi
757 1778 822 1825 nou
851 1765 991 1850 poterat,
1019 1752 1222 1851 probabilem
1249 1752 1343 1825 saltem

229 1901 268 1949 uc
290 1875 357 1949 veri
383 1888 448 1948 tarn
472 1875 629 1964 similem,
654 1888 690 1948 ut
716 1875 819 1973 magis
845 1874 1033 1974 expeditum
1059 1874 1195 1948 inveniri
1221 1875 1273 1947 vix
1294 1901 1343 1973 po·

229 1999 331 2073 tuisse
357 1979 515 2073 fatereris.
555 2001 600 2071 Et
621 2024 717 2087 vero,
737 1998 826 2097 quod
845 1998 923 2071 mihi
943 2012 1032 2072 certe
1056 1997 1108 2070 vel
1131 1999 1268 2071 maxime
1282 2023 1343 2097 pre

227 2122 374 2196 handum
400 2123 548 2212 videtur,
579 2123 611 2194 in
644 2122 812 2195 Ecclesiae
847 2122 900 2195 hlc
930 2120 1086 2195 fundatae
1125 2146 1165 2194 ac
1200 2120 1342 2195 stabilitae

230 2246 395 2321 natalibus
424 2244 624 2345 explicandis
649 2271 714 2318 nou
743 2246 901 2317 bominum
926 2244 1031 2319 solum
1057 2257 1196 2317 conatus
1226 2240 1343 2317 attendit

232 2368 396 2468 fideique,
419 2395 486 2469 quo
507 2368 719 2442 Willridus
740 2368 860 2468 aliique
880 2368 1088 2458 serebantur,
1110 2365 1277 2453 ardorem,
1298 2361 1342 2436 sed

231 2492 294 2562 Dei
312 2492 350 2563 Ο.
368 2493 412 2565 Μ.
434 2492 602 2589 providam
621 2517 753 2565 manum
773 2506 887 2590 gratus
909 2493 1056 2590 agnoscit
1072 2517 1111 2565 ac
1135 2515 1247 2564 euram
1266 2512 1342 2588 prae

231 2612 445 2686 sentissimam
470 2614 531 2713 (2).
574 2613 626 2686 Ad
645 2639 743 2713 quarn
762 2613 1010 2713 disquisitionis,
1035 2614 1222 2711 ingeniosae
1240 2612 1341 2712 pariter

225 2787 381 2798 ,ψ’-..-

229 2899 295 2949 675.
328 2892 384 2960 Qui
405 2893 512 2950 Censor
530 2895 715 2964 doctissimus,
737 2895 863 2969 quamvis
884 2895 1056 2968 singulorum
1076 2896 1201 2953 locorum
1220 2898 1248 2953 in
1265 2912 1340 2970 repre

227 2993 360 3050 hensione
379 3012 436 3051 nou
455 3012 565 3068 parcus,
583 2997 740 3052 universum
755 3003 848 3051 tamen
862 2995 941 3068 Opus
962 2997 1096 3050 classicum
1118 2997 1210 3052 dicere
1229 3014 1281 3053 non
1299 2996 1339 3049 du·

226 3096 307 3152 bitur.
318 3126 354 3140 ·-
365 3097 427 3168 Ego
447 3097 559 3170 quidem
573 3097 723 3153 honorifico
741 3097 889 3153 admodum
902 3095 1008 3167 jndicio
1022 3097 1105 3169 plane
1118 3095 1270 3164 subscribo,
1282 3091 1339 3166 qnod
1379 3132 1381 3163 ÷

228 3195 263 3250 de
280 3197 521 3253 commentationis
541 3204 570 3252 et
588 3197 678 3270 pretio
694 3196 827 3252 historico
848 3202 877 3251 et
896 3196 961 3251 stilo
981 3195 1138 3268 nuperrime
1160 3195 1257 3251 tulisse
1277 3193 1338 3249 video
1379 3168 1381 3187 Ι

163 3355 165 3360 ,
226 3293 448 3350 Buskenium
475 3297 586 3365 Huet,
608 3296 636 3351 in
657 3293 803 3351 Colanii
823 3295 908 3350 Revue
933 3298 963 3350 de
988 3294 1137 3364 lbe‘olopie,
1158 3295 1212 3350 VI.
1233 3300 1259 3348 t.
1278 3293 1337 3346 Fer.
1379 3272 1381 3299 ²

228 3397 311 3460 1855,
332 3411 362 3464 p.
386 3399 449 3448 ros.

265 3492 312 3560 (1)
333 3488 422 3556 Quum
443 3491 545 3546 multos
561 3491 605 3545 hle
624 3489 724 3545 adierit
740 3491 846 3547 Fontes
865 3498 894 3546 et
910 3497 963 3566 que
981 3491 1130 3564 prudentie
1149 3491 1178 3546 iu
1198 3489 1337 3546 difficillimo

225 3603 321 3642 eorum
336 3588 443 3661 judicio
460 3597 586 3645 versutus
601 3589 648 3658 sit,
667 3599 709 3645 est
726 3607 827 3662 operae
846 3590 965 3662 pretium
981 3607 1017 3645 ex
1036 3589 1098 3662 ipso
1115 3607 1289 3662 cognoscere,
1302 3586 1335 3640 el.

225 3692 241 3741 3
262 3705 292 3759 p.
316 3693 358 3742 13.
374 3719 409 3730 -
425 3689 486 3744 Nec
505 3689 547 3744 Te
566 3689 667 3761 legisse
685 3689 840 3762 poenitebit
854 3706 935 3761 quae,
957 3707 1023 3761 pag.
1043 3695 1098 3744 340
1114 3706 1207 3762 seqq,
1227 3691 1335 3744 adversm

223 3801 272 3865 eus
292 3793 397 3855 monet,
408 3789 467 3860 qui,
483 3787 583 3860 spretis
606 3788 782 3857 testimoniis,
802 3805 837 3843 ex
851 3806 900 3843 suo
917 3788 1034 3859 quisque
1051 3787 1165 3860 ingenio
1182 3806 1270 3844 rerum
1286 3782 1334 3839 olin

136 3940 145 3965 ⁶
224 3891 367 3955 gestarum
379 3894 519 3942 construere
532 3888 645 3942 student
661 3887 815 3941 historiam.
827 3917 863 3927 —
877 3887 924 3941 Me
944 3885 1077 3958 imprimis
1094 3885 1147 3941 loci
1164 3887 1331 3944 adverterunt

225 3981 345 4038 aliosne
364 4002 523 4054 memorem,
541 3986 727 4058 pulcherrimi,
748 3984 805 4053 ubi,
825 3985 868 4040 vel
884 3985 931 4039 vix
948 3985 1075 4041 imitabili
1100 3987 1235 4041 orationis
1255 3978 1332 4039 veloci·

224 4088 283 4137 tate
302 4082 365 4138 Rel.
392 4083 495 4139 Christ.
523 4086 557 4139 de
583 4084 754 4139 Ethnicismu
774 4084 899 4157 pingitur
922 4085 1087 4157 triumphus,
1117 4104 1147 4158 p.
1176 4090 1331 4149 22-363‘

224 4180 269 4235 vel
283 4181 468 4237 Bonifacii
487 4200 520 4238 uc
534 4183 773 4240 Willebrordi
790 4184 985 4257 comparantur
1003 4184 1112 4252 merita,
1125 4203 1154 4258 p.
1168 4191 1220 4242 246
1232 4199 1331 4256 sqqq‘

224 4278 269 4333 vel
290 4281 325 4335 de
344 4280 469 4351 ratione,
491 4288 546 4354 qun
567 4285 602 4337 ud
625 4283 765 4339 Christum
786 4290 1014 4338 converterentur
1033 4283 1161 4353 Ethnici,
1188 4284 1328 4357 dispuetur·

248 4416 253 4430 .
276 4383 328 4432 329
349 4398 361 4434 s
406 4420 413 4435 .

224 4395 305 4549 p(2)
326 4398 412 4550 liniris
433 4497 513 4537 curae
533 4479 779 4538 luculentissimum
796 4484 919 4556 produnt
939 4482 1094 4557 exemplum
1113 4501 1195 4558 qnae,
1217 4479 1282 4538 laud.
1296 4470 1328 4528 tl·
