2782 4958
131 335 195 398 150
619 352 773 395 manorum

128 522 268 599 Manem,
287 522 320 584 in
342 525 471 586 tractum
487 520 652 606 fugientem
668 521 910 585 Midioniticma.
943 523 1143 588 posteriorem
1164 529 1253 590 autem

128 636 206 701 hanc
228 637 502 722 interpretationem
526 637 568 699 ita
596 640 700 699 tuetur
723 638 828 718 Lon,
852 642 883 701 et
911 659 979 701 cum
1010 637 1251 704 loconiaco.

131 753 193 828 td,
218 771 349 834 quocum
372 771 508 835 pugnare
530 750 626 814 videri
656 751 769 835 possit,
795 751 828 813 in
857 752 1046 816 concordiam
1070 753 1201 838 redigit,
1224 759 1254 818 nt

127 864 317 950 aplerisque
340 864 405 949 ejus
436 866 614 929 sententiam
638 863 798 949 probatum
820 867 858 929 iri
881 866 1037 931 confidam.
1087 867 1164 931 Mihi
1183 873 1255 932 certe

127 1001 193 1044 earn
214 978 365 1064 probavit.

175 1095 246 1174 Cap.
269 1096 324 1159 XII.
350 1096 381 1158 t.
415 1096 530 1178 Nicea
552 1099 735 1181 μαρτύρων.
786 1095 856 1158 Sine
891 1094 1002 1170 dubio,
1038 1095 1093 1177 qni
1125 1094 1255 1179 proximo

129 1209 231 1294 Capite
253 1231 269 1272 a
282 1210 349 1294 fide
372 1215 455 1272 erant
478 1206 632 1289 celebrati,
661 1208 752 1271 iidem
779 1207 830 1272 hfc
854 1210 1056 1295 respiciuntur
1079 1231 1114 1272 ac
1136 1208 1254 1272 laudan·

127 1327 189 1386 tur.
236 1322 293 1387 Sed
314 1322 468 1405 quaeritur
493 1324 553 1404 qud
576 1321 613 1385 de
637 1324 740 1386 caused
763 1327 815 1386 aut
837 1321 924 1406 cujus
941 1323 985 1386 rei
1006 1322 1034 1386 h.
1060 1322 1082 1388 l.
1105 1331 1257 1410 μάρτυρες

129 1437 263 1502 audiant.
308 1434 476 1514 Permulti,
503 1436 536 1498 in
559 1434 670 1518 quibus
691 1434 763 1512 Bl,
789 1436 857 1500 ideo
881 1435 938 1500 hoc
967 1437 1009 1499 iis·
1032 1458 1145 1501 nomen
1168 1437 1256 1501 tribui

129 1555 256 1636 putant,
283 1550 364 1634 qnod
394 1549 513 1634 pietatis
543 1551 718 1631 certamini,
743 1551 793 1613 eui
816 1551 1032 1615 committendo
1060 1550 1188 1615 lectores
1209 1550 1255 1615 ob

129 1663 295 1751 stringebat
318 1663 469 1749 Epistola,
494 1672 582 1729 testea
605 1665 750 1729 adessent.
799 1666 879 1738 Quae
907 1666 1055 1730 sententia
1084 1687 1161 1730 num
1193 1688 1256 1730 cnm

129 1782 270 1845 universa
289 1782 327 1844 N.
353 1782 388 1844 T.
411 1778 560 1864 hujusque
582 1778 757 1864 singulatim
778 1777 925 1863 Epistolae
947 1780 1087 1844 doctrina
1108 1781 1254 1862 concinat,

129 1896 271 1979 estquod
297 1893 427 1959 dubites.
466 1895 552 1958 Certe
571 1916 632 1958 non
649 1895 736 1959 video
754 1893 905 1976 equidem,
922 1895 947 1956 si
962 1893 1111 1958 illustrem
1131 1893 1254 1977 aliquem

130 2010 299 2074 certaminis
323 2008 406 2072 illius
430 2013 535 2072 testem
559 2008 794 2072 Christianorum
817 2007 914 2071 oculis
933 2012 1153 2093 repraesentare
1173 2006 1256 2072 vellet

130 2126 290 2209 Scriptor,
322 2123 428 2206 quidni
455 2144 526 2206 prae
560 2123 684 2186 caeteris
709 2122 808 2206 ipsum
838 2122 1059 2206 nuncupaverit
1092 2122 1253 2197 Christum,

130 2240 217 2325 eujus
239 2261 333 2323 quum
353 2239 481 2302 maxime
504 2237 569 2321 ejus
587 2239 682 2301 menti
702 2236 885 2301 obversatam
907 2258 968 2300 esse
990 2236 1168 2321 imaginem,
1186 2257 1256 2319 quae

128 2355 264 2440 proxime
289 2357 456 2436 sequuntur
478 2350 649 2415 luculenter
668 2350 839 2415 ostendunt.
889 2350 1034 2424 Quocirca
1054 2371 1116 2412 non
1140 2370 1255 2433 possum

127 2489 190 2532 non
223 2468 364 2533 subtilem
399 2468 456 2533 tibi
490 2467 729 2554 perpendendam
767 2466 972 2530 commendare
1011 2464 1255 2529 Liinemanni

127 2583 378 2667 disputationem,
402 2585 463 2665 qud
489 2605 527 2647 en
549 2581 641 2666 hujus
671 2580 730 2645 loci
757 2603 826 2646 cum
852 2578 1098 2666 praecedentibus
1125 2600 1207 2642 nexu
1229 2581 1256 2641 et

127 2696 340 2780 conjunctione
365 2704 453 2760 restes
472 2695 522 2759 hfc
546 2696 607 2759 dici
629 2694 754 2780 probare
780 2700 917 2777 conatur,
937 2695 989 2778 qni
1012 2695 1070 2779 ipsi
1093 2702 1135 2780 τῇ
1152 2698 1255 2761 πίστει

128 2810 326 2875 testimoniam
346 2809 522 2885 edidissent,
543 2810 575 2873 id
600 2815 663 2886 est,
685 2815 779 2895 puto,
804 2813 858 2874 sua
877 2811 989 2873 virtute
1013 2808 1050 2872 de
1076 2808 1148 2872 fidei
1175 2827 1256 2891 prae·

128 2926 238 2990 stantib
265 2920 359 2988 veluti
381 2924 482 2989 testati
501 2928 611 2987 essent.
653 2924 709 2989 Sed
731 2921 821 2988 velim
843 2922 955 2996 altera,
975 2925 1002 2985 si
1021 2922 1177 3005 quaesit,
1197 2920 1256 2984 edi·

127 3040 211 3103 tione
238 3037 339 3123 paullo
359 3038 509 3123 copiosius
529 3037 605 3101 dicti
629 3039 807 3102 sententiam
829 3043 959 3123 exponat
980 3040 1140 3121 Interpres.

172 3154 299 3232 Itidem,
322 3161 393 3218 sect.
414 3155 446 3217 5.
477 3155 534 3220 Yis'
557 3180 632 3239 μου.
682 3154 771 3217 Pron.
794 3159 868 3237 μοῦ,
892 3173 1057 3236 paucorum
1080 3151 1255 3215 auctoritate

126 3268 249 3332 testium
268 3269 388 3332 uncinis
405 3266 568 3331 incluserat
582 3264 649 3341 Bl.;
673 3266 823 3351 plerique,
842 3269 874 3330 in
891 3267 1001 3350 quibus
1016 3265 1159 3343 Tisch.,
1178 3269 1254 3329 recte

125 3385 328 3457 retinuerant3
347 3388 409 3448 tam
428 3384 564 3447 accurati
584 3385 684 3446 antem
707 3382 909 3467 disputatione
930 3381 1063 3446 defendit
1083 3383 1252 3454 Lunam,

127 3503 163 3563 ut
183 3499 344 3582 quicquam
366 3498 493 3581 adjicere
513 3496 592 3560 nihil
615 3497 751 3562 attineat.
800 3499 897 3581 Atque
918 3498 1068 3572 universe,
1089 3495 1183 3579 hujus
1203 3516 1253 3579 po·

127 3612 276 3676 tissimum
297 3611 445 3695 Epistolae
468 3631 529 3676 non
552 3612 654 3697 paucis
683 3610 775 3693 loeis,
800 3612 833 3674 in
857 3611 1020 3678 lectionum
1040 3611 1186 3675 varietate
1206 3610 1254 3694 ju·

127 3725 254 3790 dicanda
274 3726 409 3790 criticam
432 3725 614 3789 demonstrat
636 3722 787 3788 solertiam
810 3730 840 3789 et
862 3724 1070 3790 subtilitatem.
1098 3763 1140 3775 —
1165 3724 1255 3807 anns

125 3842 169 3904 rei
200 3861 312 3905 novum
343 3861 412 3902 mox
443 3839 531 3904 nobis
563 3838 734 3924 exemplum
763 3841 852 3904 sectio
889 3843 906 3903 Ἰ
943 3840 1126 3924 suppeditat.
1181 3825 1252 3914 Ubi,

126 3952 433 4019 Tischendorfii
460 3953 582 4017 alteram
609 3953 772 4016 editionem
801 3954 982 4036 Lipsiensem
1011 3957 1051 4037 (a.
1093 3955 1193 4036 1849)
1224 3977 1255 4018 ac

125 4066 332 4132 Bleekium
347 4073 427 4131 recte
447 4074 578 4145 secutae,
591 4068 754 4152 prudenter
774 4066 926 4154 vulgatam
946 4069 1080 4132 defendit
1096 4068 1253 4134 lectionem

126 4190 154 4249 si
177 4184 345 4251 παιδείαν.

168 4298 303 4379 Ibidem,
327 4305 398 4362 sect.
426 4299 476 4360 ld.
514 4303 612 4363 Mani
636 4305 783 4365 πάντων.
833 4297 917 4372 Quod
952 4297 1001 4360 hic
1028 4297 1254 4361 commendatur

125 4414 276 4490 officium,
302 4413 338 4477 ad
365 4434 467 4497 pacem
493 4434 527 4476 ac
550 4412 758 4490 concordiam,
787 4435 848 4477 canc
874 4413 1056 4479 Christianis
1078 4410 1251 4499 singulatim
