2782 4958
127 335 189 398 tuo
517 354 558 394 nn
580 352 679 394 norea
702 351 862 393 nernrorrs

125 522 288 586 Rhetorum
312 520 459 600 artificia,
491 525 552 584 tarn
576 518 722 583 disertum
744 540 812 582 eum
837 516 1052 591 reddiderunt,
1085 524 1122 582 ut
1143 520 1240 583 audito·

126 660 193 702 rum
218 637 425 718 lectorumque
451 636 484 698 in
509 635 616 698 animis
639 634 757 698 aculeos
781 631 875 696 multa
897 630 1002 715 pulcre
1027 632 1141 699 abillo
1164 636 1242 722 gravi·

126 758 231 834 terque
255 751 334 815 dicta
358 749 572 832 relinquerent.
620 752 725 813 Verum
750 747 824 812 alios
846 747 935 810 etiam
959 745 1041 810 haud
1062 769 1172 831 pauens
1191 751 1242 834 ejus

128 867 298 930 orationum
319 864 409 928 fuisse
425 862 607 938 Fasciculus,
629 863 681 945 qui
697 861 809 926 multos
832 861 1018 944 cupidosque
1034 868 1162 927 emtores
1175 865 1243 928 inve·

127 982 229 1043 nitent
252 1001 286 1042 ac
308 977 451 1053 lectores,
477 978 570 1064 vulgo
593 983 699 1042 notum
722 981 767 1040 est
790 976 852 1062 (l).
911 1035 914 1042 ,

172 1210 271 1283 Quum
302 1212 421 1287 autem,
454 1209 603 1271 Bremensi
636 1207 824 1291 potissimum
855 1209 889 1271 iu
918 1209 1047 1273 statione
1077 1208 1243 1283 collocatus,

126 1344 277 1388 summum
306 1321 402 1386 laudis
433 1323 578 1387 oratoriae
607 1322 761 1405 fastigium
792 1323 927 1408 attigerit
955 1324 1190 1398 Driisekius3
1216 1308 1249 1386 da

128 1438 194 1522 ejus
217 1436 413 1502 concionibus
436 1436 472 1500 de
486 1458 655 1519 ,earumque
677 1436 726 1502 vel
748 1436 913 1502 virtutibus
935 1436 1003 1517 vel,
1030 1439 1057 1500 si
1081 1459 1157 1521 quae
1177 1439 1244 1517 sint,
1267 1466 1270 1471 ·

128 1553 211 1616 vitiis
240 1550 379 1615 universe
408 1548 522 1633 aliquid
552 1551 693 1614 monendi
719 1550 820 1634 justus
843 1550 893 1614 hic
916 1548 1002 1614 nobis
1025 1549 1111 1615 locus
1133 1573 1192 1616 esse
1210 1553 1248 1616 vi·

128 1665 227 1731 detur.
275 1666 306 1728 ln
335 1663 396 1729 illis
418 1665 514 1750 igitur
535 1663 594 1728 alia
616 1670 717 1742 amnt,
746 1687 822 1748 quae
845 1664 919 1729 alios
941 1663 1098 1730 allicerent
1120 1688 1154 1730 ac
1176 1687 1248 1750 cape·

127 1785 195 1844 rent
210 1779 346 1843 lectores.
377 1780 511 1853 Quorum
534 1800 604 1842 sane
619 1777 794 1844 melioribus
809 1802 843 1844 ao
858 1778 1048 1865 gravioribus
1065 1802 1130 1844 non
1146 1781 1250 1865 placere

44 1941 47 1946 -
127 1916 190 1959 non
212 1899 330 1978 poterat
350 1895 500 1970 fervidus,
524 1916 613 1979 quem
637 1895 737 1959 omnia
758 1897 825 1981 ejus
847 1896 926 1960 dicta
947 1896 1118 1981 spirabant,
1144 1916 1250 1960 onmsu

128 2030 211 2073 amor
233 2030 266 2072 ac
288 2009 337 2093 pia
360 2011 523 2074 veneratio.
570 2012 677 2091 Quem,
702 2032 763 2094 quo
786 2016 920 2096 tempore
942 2011 1058 2077 &eati
1081 2034 1117 2076 ac
1140 2011 1251 2076 Platoni

129 2147 191 2188 non
223 2124 312 2207 longe
343 2144 413 2187 eum
444 2122 580 2208 plerique
614 2125 819 2209 praeferebant
853 2125 1085 2206 Rationalistae,
1118 2131 1252 2209 tanquam

128 2260 197 2303 vere
220 2239 362 2303 Divinum
384 2238 481 2322 Regni
504 2236 656 2302 coelorum
675 2239 866 2303 Conditorem
882 2261 915 2303 ac
930 2246 1122 2324 peccatorum
1144 2244 1253 2303 nostro·

128 2375 196 2417 rum
227 2353 414 2437 Expiatorem
444 2352 612 2436 praedicare
641 2373 701 2417 non
729 2352 885 2418 dubitabat
908 2354 1011 2420 Orator
1036 2354 1203 2418 Bremensis
1223 2373 1252 2416 ac

129 2466 288 2532 colendum
320 2467 535 2532 commendare.
584 2468 768 2550 Quamquam
799 2488 860 2530 non
884 2468 1006 2532 deerant
1027 2466 1152 2533 levioris
1173 2473 1254 2550 atqua

130 2582 290 2664 iniquioris
318 2583 436 2667 ingenii
459 2580 623 2667 Theologi,
648 2582 700 2665 qui
724 2581 781 2645 hbe
803 2582 868 2665 ipset
891 2580 928 2645 de
951 2585 1056 2646 caussa
1078 2603 1162 2646 nunc
1181 2582 1252 2666 jam,

130 2700 166 2760 ut
197 2696 263 2759 fieri
293 2695 419 2771 assolet,
454 2695 534 2760 haud
564 2697 629 2758 sine
661 2695 762 2759 rand
784 2696 954 2781 ignominiis
977 2697 1152 2780 antiquatae
1174 2701 1255 2778 atque

131 2806 280 2872 obsoletae
310 2809 498 2891 Dogmatioes
524 2812 683 2891 patronum
711 2831 780 2872 eum
805 2809 978 2873 dictitarent
999 2810 1063 2893 (2).
1089 2845 1134 2858 -
1157 2813 1255 2876 Verum

131 2919 364 3006 elegantioribus
392 2922 532 2986 universe
564 2920 736 2986 homiuibus
758 2923 833 2986 mire
857 2922 907 2987 hic
929 2923 1052 2987 dicendi
1073 2945 1171 3009 genus
1192 2925 1258 2989 arri-

132 3036 239 3117 debat,
264 3035 345 3119 quod
369 3041 477 3101 tersam
500 3035 678 3101 elocutionis
709 3038 870 3121 puritatem
898 3059 967 3101 cum
990 3041 1078 3102 acutt
1102 3039 1256 3103 sententia·

130 3176 199 3219 rum
221 3153 367 3218 brevitate
390 3157 422 3215 et
443 3153 576 3216 novitate
599 3151 765 3235 copularet,
794 3157 882 3235 atque
904 3153 1071 3239 imaginum
1094 3159 1258 3238 troporum·

131 3371 292 3381 ——.—..---

131 3523 174 3568 tur
199 3514 466 3572 Dri'asekianis,
494 3514 574 3563 altera
599 3513 694 3573 editio,
715 3512 816 3561 duobus
842 3512 977 3561 distributa
1003 3511 1207 3572 voluminibus,
1232 3525 1258 3560 ac

131 3610 240 3674 politicis
264 3624 316 3659 non
341 3608 438 3667 nullis,
457 3620 520 3671 quas
546 3613 603 3670 post
626 3620 650 3655 a.
671 3611 735 3654 1813
762 3607 938 3669 pronuntiarat
965 3607 1083 3668 Auctor,
1110 3607 1259 3672 locupletata

131 3703 309 3760 concionibus,
327 3700 430 3763 vulgata
448 3706 486 3748 est
503 3699 604 3748 Luneb.
626 3703 698 3749 1817.

165 3792 202 3858 (ll
221 3793 311 3852 Querar
328 3794 390 3843 adeo
415 3793 525 3856 primum
543 3802 582 3842 est
603 3794 699 3842 editum
718 3792 848 3841 Voluman
867 3790 1028 3846 orationum,
1049 3790 1146 3853 quibus
1164 3791 1258 3841 titulus:

131 3889 263 3953 Predipren
282 3887 336 3949 fiir
360 3884 478 3934 deakende
503 3885 618 3934 l'ereirer
642 3883 713 3933 Jesu.
747 3883 820 3944 Quae
845 3882 969 3946 publicari
984 3881 1038 3944 jam
1063 3888 1170 3945 coeptae
1193 3888 1259 3931 erent

131 3980 222 4030 Luneb.
244 3982 321 4032 iscar
340 3991 500 4041 quarumque
527 3978 641 4041 sylloge,
659 3977 738 4025 tribus
765 3975 884 4024 distincta
908 3975 1015 4030 Tomis,
1034 3975 1160 4039 aequiore
1184 3976 1259 4040 pretio

131 4073 278 4140 proposito,
298 4070 381 4120 ibidem
399 4079 437 4119 est
455 4072 523 4120 edita
540 4086 564 4120 a.
588 4076 660 4120 1826.

165 4166 203 4228 (2)
222 4165 255 4214 nr
279 4165 342 4214 alias
369 4164 434 4213 banc
458 4167 481 4214 ci
508 4165 633 4214 maculam
651 4165 804 4220 illeverunt,
822 4171 847 4212 ct
873 4163 916 4211 ubi
934 4163 1061 4212 orationes
1079 4160 1209 4216 ediderat,
1227 4158 1259 4208 sic

131 4261 226 4308 dictas:
246 4257 377 4322 Predrpten
393 4257 432 4306 ab.
451 4256 489 4306 die
501 4256 579 4306 leizten
598 4256 734 4306 Sclaiclesale
752 4271 835 4305 rensers
852 4255 938 4304 Herrn
947 4272 957 4317 ,⁴
976 4253 1074 4304 Luncb·
1096 4257 1171 4302 1815.
1193 4255 1259 4301 1818.

129 4350 246 4399 11v011.
282 4349 333 4399 Vel
351 4351 387 4398 sie
409 4354 493 4398 tamen
512 4365 544 4399 ne
564 4351 595 4399 ab
614 4351 652 4399 his
670 4351 772 4413 quidem
793 4349 956 4399 concionibus
983 4346 1076 4396 multas
1094 4342 1259 4410 praestantiae

130 4442 200 4491 dotes
219 4441 266 4505 ipsi
283 4439 460 4502 abjudicarunt
479 4440 667 4491 Rationalistao.
692 4439 752 4492 Vid.
765 4439 811 4490 uu
822 4440 838 4489 h
849 4454 893 4489 rm
904 4455 918 4489 a
928 4455 944 4489 n
955 4454 1032 4501 nus,
1051 4438 1070 4488 l.
1084 4438 1103 4488 l.
1124 4453 1148 4502 p.
1168 4442 1215 4487 340
1226 4447 1258 4496 sq-
