2782 4958
567 329 808 383 neuunrronns.
1225 310 1245 376 9

127 496 289 570 temeritati
320 497 426 596 pelam
462 507 563 597 atque
589 495 702 595 aperte
726 493 989 594 applauderent
1023 498 1118 584 Quae
1152 498 1245 574 dictu

126 618 306 692 incredibile
328 632 397 708 eet,
418 619 489 692 aliis
512 619 545 690 in
563 619 693 718 populis
714 619 813 717 quam
834 619 1246 696 multosadmiratdres'in-

125 742 243 815 venerit
267 764 309 815 ae
337 746 501 841 patronos.
1224 745 1228 752 '

165 868 293 946 Horum
307 867 437 966 quidem
449 865 618 940 audaciam
633 863 803 937 nobiscum
821 863 961 937 aversati
975 863 1027 936 alii
1042 864 1130 964 iique
1142 867 1247 940 multo
1357 858 1361 866 ’

123 970 288 1077 meliores,
318 1016 379 1063 neo
409 991 476 1064 suis
506 987 719 1062 defraudandi
750 986 920 1076 laudibus,
957 988 1113 1087 Theologi
1143 991 1247 1089 ipsam

122 1113 421 1210 Euangelii'e'rcem
447 1137 520 1186 sese
545 1110 719 1186 defendere
742 1109 826 1184 velle
852 1109 1062 1208 profitentur,
1083 1113 1150 1186 'nee
1172 1136 1247 1186 raro

121 1234 534 1333 generose‘demonstrant.
560 1233 842 1308 'Verumutinenr
858 1233 916 1305 -btc
937 1234 1109 1332 aequiores
1131 1262 1172 1309 ac
1185 1237 1248 1309 mie

120 1383 180 1430 nus
205 1383 342 1431 auersos
356 1358 728 1457 '‘antiquiorumq‘udioes
751 1360 849 1454 agant
865 1357 1077 1454 placitorum,
1096 1358 1251 1457 pruden-

121 1479 218 1552 tiores
237 1480 616 1580 minusquepropensos
638 1479 873 1553 recentiorum!
911 1480 1023 1553 Veluti
1044 1507 1159 1555 eorum
1182 1508 1249 1557 non

120 1602 216 1700 pauni
238 1603 287 1676 ita
309 1602 440 1677 demum
463 1603 647 1702 praeclaros
663 1602 797 1675 Codicis·
811 1602 895 1675 sacri
915 1606 988 1691 sese
1008 1618 1128 1702 putant
1147 1607 1251 1681 inter-

121 1730 256 1822 pretes,'
271 1725 376 1798 siloei
390 1725 577 1824 cujuspiam
591 1725 1086 1824 enplicationemoommendare
1104 1730 1228 1827 possint
1234 1768 1252 1826 ,ι

122 1852 206 1946 quae
232 1848 277 1921 ab
298 1848 362 1937 itta,
383 1873 481 1947 quam
494 1848 728 1922 contumeliose
751 1860 888 1940 vocant,
904 1848 1071 1920 traditione
1090 1852 1253 1949 emepeticd

122 1994 220 2069 quam
239 1972 439 2080 'longissime
465 1971 596 2045 recedat
626 1970 678 2045 vel
701 1976 791 2044 certe
816 1971 969 2044 recedere
992 1971 1149 2046 rideatur.
1200 1977 1250 2050 lta
1356 2045 1364 2052 ,

123 2094 264 2168 maxime
293 2094 424 2169 Grlticos
450 2095 618 2170 scierunt
652 2094 960 2190 Scaligerisrac
990 2094 1252 2173 Gasaubonis

124 2216 403 2316 aequiparandos‚
424 2218 452 2289 si
475 2217 565 2290 bunc
588 2217 721 2289 illumve
747 2224 843 2288 certe*
863 2215 916 2288 vel
941 2216 1068 2289 Veteris
1087 2217 1142 2291 ¹vel
1166 2218 1256 2295 Novi

121 2341 320 2413 Testamenti
341 2340 459 2413 librum
482 2353 540 2413 aut
556 2339 665 2413 locum
687 2340 844 2435 majorem
856 2350 913 2410 aut
931 2349 1078 2429 carmen,
1095 2340 1257 2438 speciosis
1368 2346 1371 2351 ’

123 2463 290 2537 nonnullis
315 2464 476 2536 contentis
501 2463 656 2560 argutiis,
677 2461 910 2560 plaudentibus
933 2461 1060 2548 amicis,
1089 2462 1131 2535 ad
1157 2462 1253 2560 longe

123 2587 301 2677 recentius,
331 2606 431 2686 quam
455 2593 508 2659 cui
536 2585 636 2659 tribui
658 2573 890 2673 consueveratp
914 2584 1062 2659 seculum
1086 2585 1255 2663 retrabere

122 2710 305 2808 contigerit.
332 2711 401 2784 Neo
426 2709 546 2782 desunt
563 2710 727 2807 profecto,
742 2708 808 2808 'qui
827 2708 1005 2805 Euoopelii
1023 2707 1257 2808 quidem'stre·

124 2857 209 2905 nuos
230 2858 271 2904 se
289 2833 412 2929 jactent
438 2830 636 2931 eosdemque
660 2832 811 2906 liberales
828 2831 974 2904 vindices
983 2856 1027 2904 *ac
1047 2831 1257 2922 defensorem

123 2954 183 3028 sed
204 2954 311 3028 abiis
341 2955 423 3029 illud
452 2967 574 3031 temere
599 2955 843 3053 disjungantae
861 2954 1054 3042 dissolvant,
1080 2953 1256 3052 inquibus

124 3082 196 3154 Deo
220 3080 351 3153 volente
378 3079 472 3152 unice
496 3078 668 3152 fundatum
689 3094 779 3164 erat,
799 3079 934 3151 Veteris
953 3075 1107 3151 Foederis
1129 3078 1260 3155 institue

126 3203 168 3276 tis
189 3202 419 3301 doctrinisque.
471 3201 574 3288 Quid,
593 3202 823 3301 quod-Christi
843 3201 1078 3275 institutionem
1108 3226 1149 3277 ex
1176 3224 1257 3277 suae

125 3325 364 3425 Philosophiae*
390 3325 530 3398 decretis
552 3325 756 3424 interpretari
779 3324 921 3414 malunt,
946 3349 1045 3422 quam
1074 3349 1115 3399 ex
1142 3336 1261 3397 norunt

128 3452 322 3524 auctoritate
354 3451 525 3540 Virorum,
545 3450 681 3549 ¹quibus
703 3449 778 3546 ipse
809 3445 891 3520 adeo
926 3446 1094 3519 Cbristus:
1123 3447 1260 3543 Vosque

128 3575 274 3664 audierit,
298 3574 438 3661 dixerat,
465 3601 512 3645 mc
533 3574 638 3647 audiet
651 3572 715 3644 ille.
768 3571 862 3644 Unde
880 3569 917 3642 fit
934 3581 986 3658 ut,
1011 3568 1043 3639 in
1061 3581 1137 3666 aere
1156 3567 1269 3641 veluti-

128 3697 332 3793 rolitantem',
359 3699 444 3771 banc
460 3682 880 3793 Euangelii‘sumbram'vel
900 3691 1002 3790 magis
1025 3689 1194 3791 magisque
1212 3678 1259 3763 al-

134 3823 289 3896 tenuandi
313 3823 364 3896 vel
389 3823 487 3922 plane
510 3819 655 3894 difflandi
683 3818 764 3892 adeo
790 3816 983 3905 lectoribus,
1019 3841 1079 3915 pro
1100 3815 1260 3915 cujusque

131 3969 227 4018 sensu
251 3971 291 4018 ac
315 3944 440 4034 lubitu,
475 3944 568 4043 copia
597 3942 694 4016 detur
728 3954 828 4038 atque
855 3937 1083 4037 opportunitas
1114 3949 1257 4036 paretur.

130 4065 240 4166 Atque
261 4064 295 4137 id
316 4077 404 4139 certe
419 4090 459 4138 ex
480 4065 542 4137 hbe
560 4063 611 4136 vel
633 4059 805 4160 Euangelii
823 4059 1056 4160 interpretandi
1077 4060 1130 4132 vel
1149 4058 1261 4157 potius

132 4186 178 4283 de
203 4186 385 4286 Euangelio
420 4184 672 4286 philosophandi
709 4187 833 4259 ratione
862 4183 957 4256 nobis
983 4167 1267 4285 reformidandum¹

133 4312 206 4398 erit,
228 4335 270 4385 ne
288 4297 397 4385 orceis
414 4309 470 4383 illa
487 4309 635 4383 doctrina
659 4308 887 4399 consolatoria,
915 4306 947 4379 in
965 4310 1031 4408 qud
1050 4310 1167 4401 magna
1185 4330 1260 4377 con-

133 4434 241 4509 cordie
274 4433 483 4510 institutionis
511 4458 593 4508 sune
620 4433 854 4521 meditullium,
889 4430 1028 4505 Domino
1064 4440 1273 4528 praeeunte,⁴
1313 4458 1318 4469 ·
