2782 4958
128 329 190 392 138
616 347 771 390 ornaonurr

126 514 213 578 tondi
232 513 365 578 Litteras
387 512 489 576 studio
511 532 545 575 ac
568 517 691 575 conatu.
727 510 845 587 Sarac
862 508 995 592 inquam,
1014 509 1166 575 Mauras.
1200 512 1256 576 Etsi

126 629 206 693 enim
229 650 266 691 ex
290 628 520 710 Ilounpeliorum
542 625 689 710 imprimis
711 623 846 689 fontibus
876 646 946 688 suos
972 625 1080 711 irrigat
1111 623 1252 701 hortulos,

125 764 186 807 non
209 763 275 807 raro
297 747 410 815 tamen,
435 739 509 804 alios
531 741 622 804 etiam
644 738 692 803 val
714 739 827 803 Veteris
840 738 889 803 vel
912 739 988 803 Novi
1011 739 1155 804 Foederis
1170 738 1255 804 libros

124 877 158 920 ac
180 854 262 919 locos
278 852 480 917 adumbrando
495 858 548 916 aut
563 851 763 936 compilando,
781 852 944 916 narrationi
960 853 1025 937 ipso
1038 874 1112 918 suae
1134 854 1253 939 gratiam

124 968 287 1034 conciliare
310 968 412 1032 studet
432 974 463 1032 et
485 967 703 1032 auctoritatem.
729 969 772 1031 lta
794 965 1009 1052 utaliquando
1027 967 1255 1050 utsciteatque

125 1084 282 1169 ingeniose
305 1083 387 1147 Sacri
407 1081 523 1146 Codicis
545 1081 670 1166 vestigia
692 1080 786 1166 legat.
835 1082 875 1145 hc
897 1101 935 1144 ne
966 1079 1117 1164 ejusmodi
1139 1080 1254 1162 quidem

124 1196 209 1262 illius
231 1199 264 1261 in
287 1197 399 1280 scripto
421 1195 481 1260 loci
504 1195 591 1281 plane
613 1195 831 1276 desiderantur,
867 1193 931 1269 ubi,
957 1215 1013 1258 suo
1035 1194 1146 1279 magis,
1171 1215 1254 1277 quarn

125 1311 235 1388 alieno,
254 1313 399 1397 navigans
415 1310 552 1396 remigio,
575 1307 678 1394 pulcre
700 1331 762 1373 non
781 1308 866 1374 nulla
880 1313 969 1393 atqua
989 1306 1144 1394 eleganter
1166 1309 1255 1373 infor·

125 1433 199 1492 met.
248 1425 363 1502 Quibus
384 1425 417 1488 in
440 1424 531 1502 locis,
561 1422 635 1488 alios
664 1445 702 1488 ne
728 1445 909 1507 memorem,
942 1429 1072 1498 Annae,
1107 1421 1178 1505 Cap.
1203 1419 1253 1500 lll,

127 1540 293 1605 censuerim
312 1539 490 1614 orationem,
515 1535 722 1601 miserabiliter
744 1542 934 1620 conquestae,
958 1535 1053 1620 quod,
1072 1557 1169 1619 quum
1183 1539 1251 1612 tota,

127 1656 188 1736 qut
208 1652 267 1717 late
289 1655 414 1737 pateret,
439 1652 606 1716 viventium
629 1656 737 1715 natura
758 1651 836 1716 vitae
858 1651 1042 1736 procreatrix
1066 1656 1160 1732 esset,
1178 1649 1253 1735 prole

126 1769 271 1833 destituta
287 1765 442 1852 langueret
457 1767 532 1852 ipss.
559 1769 666 1831 Verum
685 1766 862 1850 plerumque
885 1767 1007 1831 inficeto
1029 1786 1086 1830 nec
1106 1783 1173 1830 raro
1191 1765 1252 1829 ridi·

126 1881 194 1946 culo
218 1883 251 1946 S.
276 1882 304 1945 S.
331 1881 412 1945 dicta
434 1882 467 1945 in
491 1902 562 1946 suos
584 1882 743 1960 convertit,
770 1881 877 1964 quidni
898 1882 999 1966 potius
1017 1880 1116 1946 dicam
1143 1900 1250 1966 perrer-

125 1994 187 2060 tit?
209 2016 281 2059 usus
303 2015 336 2059 ac
360 1994 491 2060 consilia
539 1995 626 2069 Quod
657 1995 805 2079 ejusmodi
833 1995 968 2079 profecto
998 1999 1056 2076 eet,
1089 2011 1125 2058 ac
1154 1996 1179 2058 si
1204 2015 1251 2058 suo

125 2110 190 2196 ipse
212 2107 349 2193 exemplo
372 2109 575 2174 Horatiorum
596 2107 694 2174 illud:
726 2110 910 2186 Imitotorea,
935 2132 1048 2174 servum
1072 2131 1174 2189 pecua,
1198 2109 1250 2173 lec

125 2230 226 2290 torum
249 2225 281 2288 in
296 2224 469 2288 memoriam
491 2243 630 2288 revocare
649 2223 805 2289 voluerit.¹
827 2227 864 2289 Ut
887 2223 1052 2309 plurimum
1067 2224 1164 2302 enim,
1180 2222 1248 2307 quod

124 2340 158 2404 in
185 2342 215 2405 S.
240 2340 270 2404 C.
291 2339 374 2424 justo
404 2339 535 2423 positum
566 2339 802 2424 deprehenditur
832 2344 864 2404 et
892 2344 1064 2424 opportuno
1096 2337 1176 2415 loco,
1208 2338 1248 2401 hlo

126 2453 225 2518 aliano
248 2457 279 2518 et
300 2454 499 2518 incommodo.
549 2453 636 2528 Quod
665 2453 709 2518 ibi
741 2456 877 2518 nativum
905 2453 995 2518 habet
1021 2454 1085 2518 veri
1117 2452 1246 2527 colorem,

126 2569 207 2636 idem
230 2567 282 2632 blo
314 2569 357 2633 ita
387 2570 544 2654 reponitur
567 2574 619 2634 aut
648 2567 860 2654 amplificatur,
886 2574 921 2632 ut
943 2568 1014 2632 luco
1036 2568 1127 2633 nobis
1148 2567 1247 2631 illitum

128 2688 279 2770 appareat.

169 2914 276 2977 Verum
299 2911 400 2997 paullo
423 2913 573 2991 disertius,
598 2935 686 2997 quam
710 2913 807 2978 adhuc
829 2914 942 2977 factum
965 2933 1025 2976 ame
1050 2912 1184 2989 videtur,
1201 2911 1246 2974 du·

115 3023 195 3110 ‘ples
224 3023 311 3088 nobis
343 3025 590 3111 distinguendum
619 3031 676 3103 est,
710 3026 791 3111 quod
820 3026 989 3091 alternatim
1020 3025 1083 3089 fere
1113 3031 1245 3101 sectatur,

125 3160 223 3225 genus
245 3139 396 3221 imitandi,
428 3139 476 3204 vel
494 3141 630 3220 pressius
652 3139 728 3204 illud
752 3139 800 3205 vel
822 3140 958 3205 lidorius.
1005 3141 1095 3204 Prius
1127 3140 1247 3213 obtinet,

125 3250 179 3317 ubi
202 3273 276 3335 quae
300 3252 336 3316 de
359 3253 480 3330 Mortui,
507 3254 647 3334 doceam,
673 3253 793 3319 Joonno
813 3253 963 3333 Baptista?
978 3253 1123 3317 canonica
1138 3256 1250 3316 narrant

125 3367 299 3453 Euangelia‚
324 3368 361 3432 ad
384 3367 503 3432 eosdem
527 3368 647 3450 quidem
663 3369 765 3443 refert,
783 3367 833 3432 sed
850 3368 893 3432 ita
908 3368 1038 3451 repon-it,
1056 3371 1092 3430 ut
1108 3367 1251 3431 ornatiora

127 3504 161 3548 ea
191 3483 281 3547 faciat
313 3505 348 3547 ao
380 3484 476 3569 magis
496 3483 623 3547 mirifica
652 3503 768 3566 suoque
790 3503 845 3566 pro
867 3503 956 3546 sensu
985 3479 1169 3565 amplificet,
1201 3483 1252 3545 im·

125 3601 234 3673 mutet,
260 3605 438 3682 corrumpat.
487 3597 540 3664 Ubi
563 3598 666 3662 eadem
690 3620 783 3682 paene
806 3599 921 3662 ratione
943 3603 1089 3671 versatur,
1116 3600 1179 3682 qud
1197 3618 1252 3662 non

125 3733 233 3798 paucas
254 3711 394 3778 historiae
417 3735 514 3777 sacrae
536 3719 645 3799 partes,
678 3712 807 3798 exempli
833 3713 930 3798 gratita
952 3711 1186 3797 pulcherrimam
1209 3715 1253 3776 lo-

125 3827 209 3913 sephi
232 3829 417 3894 patriarchae
440 3830 593 3895 historiam
610 3829 670 3915 (1),
694 3828 799 3894 retulit
820 3830 853 3892 in
879 3831 991 3895 Corano
1009 3851 1043 3892 ac
1058 3851 1114 3893 suo
1130 3830 1253 3893 mutavit

125 3943 270 4009 arbitratu
293 3945 523 4010 Mokommedea.
573 3945 630 4009 Sed
654 3943 712 4008 hoc
734 3944 904 4028 cujusmodi
936 3944 1000 4024 sit,
1030 3945 1184 4007 neminem
1211 3942 1252 4006 vel

126 4059 269 4123 mediocri
288 4060 453 4125 attentione
476 4082 546 4124 cum
564 4059 716 4123 canonicis
731 4058 900 4143 apocrypha
915 4062 1136 4142 comparantem
1160 4060 1252 4121 Euan·

115 4229 269 4241 --......-...

159 4324 195 4384 (l)
213 4324 273 4374 Vid.
292 4321 386 4375 Coroni
403 4324 469 4376 Sura
488 4326 524 4384 ll,
544 4340 619 4389 quum
638 4325 708 4382 olim,
736 4324 869 4376 utilissimi
887 4324 1010 4374 tironibus
1028 4325 1118 4387 opera,
1145 4336 1248 4374 scorsum

127 4418 203 4468 edidit
221 4416 388 4484 Erpcnius,
