2782 4958
128 340 191 402 174
610 357 772 399 auavrouas

125 534 256 591 tamenta
284 525 416 612 neglexit
447 547 501 589 nee
528 546 608 603 eum,
645 528 698 608 qui
728 527 799 589 satis
827 527 929 610 inepte
959 530 1098 602 vocatur,
1128 537 1249 612 quartam

126 641 233 704 libram
255 641 504 706 Maccahaeorum.
550 645 593 706 Ex
616 641 728 726 quibus
751 642 849 727 igitur
864 639 1005 705 omuibus
1020 641 1114 706 htleee
1135 644 1169 705 in
1183 665 1250 707 eom·

125 754 286 818 mentendd
302 754 382 819 Cluvi
397 754 580 840 singularem
603 755 640 820 ab
655 758 784 820 Auctore
807 753 981 820 collocatam
1004 778 1068 820 esse
1083 756 1251 820 industriam

125 874 246 953 apparet
267 891 301 932 ae
326 871 536 933 constantiam.
585 872 749 935 detentae
779 869 863 945 huie,
887 870 1028 935 senilium
1052 872 1188 953 quidem,
1210 871 1253 934 sed

125 983 218 1071 longo
241 984 431 1069 probatarum
453 1006 511 1048 usu
534 985 647 1049 virium
670 1005 890 1067 nervorumque
911 986 1102 1048 contentioni
1128 984 1253 1048 felicissi-

125 1120 192 1163 mus
210 1100 310 1183 operis
326 1099 425 1163 exitus
443 1098 598 1183 respondit
612 1121 645 1162 ao
664 1120 827 1162 successus.
862 1100 939 1172 Ques
954 1099 1035 1161 enim
1050 1098 1253 1162 Wehlianae

126 1213 210 1278 Navi
230 1213 411 1277 Pertamenta‘
440 1212 527 1276 Oloaa'
548 1233 639 1296 supra
660 1211 823 1276 tribuimus
844 1210 960 1287 laudes,
986 1233 1035 1275 eas
1065 1233 1136 1276 eum
1163 1233 1254 1276 reeen-

127 1324 242 1388 tissimo
266 1323 322 1388 hoo
347 1322 430 1387 illius
455 1323 560 1387 eodem
582 1325 615 1386 in
634 1344 744 1408 genere
772 1323 849 1390 libro
876 1327 1097 1390 communicare
1121 1348 1185 1390 non
1208 1327 1254 1390 du·

127 1437 266 1502 bitamus.

176 1668 315 1732 Universe
346 1665 432 1730 valde
463 1665 628 1732 honorifica
660 1665 747 1731 nobis
777 1669 944 1733 assentiunt
963 1669 1094 1752 judicia,
1120 1690 1197 1753 quae
1226 1669 1256 1734 de

128 1781 220 1846 hteee
242 1780 415 1866 singulatim
446 1784 681 1867 apocryphorum
708 1780 790 1845 Clavi
815 1780 987 1864 hujusmodi
1007 1780 1158 1846 librorum
1187 1782 1256 1846 ferre

127 1897 323 1981 eognovimus
360 1895 509 1959 Censores.
552 1897 584 1958 ln
623 1893 734 1978 quibus
770 1894 834 1959 bini
871 1894 1047 1982 siugulatim
1078 1897 1258 1962 memorandi

128 2016 200 2074 sunt
223 2010 284 2074 Viri
306 2007 469 2085 celebrati,
495 2009 692 2073 Eueldius
715 2030 748 2073 ae
771 2009 928 2073 Peltius
950 2014 1014 2092 (l).
1063 2012 1200 2086 Quorum
1218 2019 1259 2075 u·

129 2147 199 2188 men
221 2128 360 2206 uterque,
378 2123 529 2187 contrarie
552 2124 770 2206 quodammodo
793 2125 856 2199 viu,
875 2145 995 2210 magnas
1016 2130 1177 2209 temperat,
1201 2126 1260 2209 qui·

130 2238 186 2303 bus
210 2260 285 2323 opus
307 2239 475 2302 ornandum
498 2240 632 2322 putarat,
657 2237 766 2303 laudes.
801 2242 892 2303 Alter
913 2240 994 2303 enim
1015 2241 1151 2323 inopiam
1171 2261 1259 2324 quan·

130 2353 197 2418 dem
229 2353 257 2416 ei
286 2350 393 2436 objicit
424 2357 456 2415 et
477 2351 639 2417 defectum.
684 2357 822 2418 Alterura
843 2354 869 2416 si
891 2354 994 2430 audis,
1019 2355 1168 2439 superflui
1192 2353 1260 2437 quid

132 2466 232 2542 habet,
258 2488 318 2550 quo
341 2487 437 2530 carere
464 2467 569 2549 possis,
595 2468 772 2551 argumenti.
818 2468 978 2532 Eueldio
1001 2469 1125 2551 quidem
1147 2469 1257 2553 judiae,

108 2578 112 2584 ’
132 2579 352 2647 difficilioribus
381 2582 414 2644 in
443 2580 629 2646 illustrandis
653 2582 898 2666 Apooryphorum
926 2582 1001 2647 loeis
1022 2582 1118 2667 major
1141 2583 1260 2647 ductori

130 2697 228 2761 fuerat
257 2717 345 2779 opera
376 2694 559 2761 collocanda.
609 2697 666 2761 Sed
695 2696 807 2774 facilis,
834 2698 859 2760 si
886 2698 959 2780 quid
982 2697 1090 2771 video,
1115 2702 1208 2780 atque
1229 2697 1260 2759 iu

130 2813 252 2894 promtu
282 2810 378 2894 posita
406 2807 477 2873 huie
508 2810 632 2891 fuisset,
656 2812 682 2874 si
714 2812 846 2891 vireret,
872 2812 1035 2896 responsio.
1084 2810 1117 2873 ld
1145 2810 1260 2874 verosi

132 2924 271 3008 egissem,
297 2924 352 3006 (sie
373 2923 523 2987 dieenteni
545 2946 614 2988 eum
634 2925 736 2989 audire
758 2924 835 2988 mihi
857 2925 972 3006 videor)
993 2930 1041 2999 ut,
1067 2925 1126 2988 nisi
1151 2926 1260 3000 omnia,

131 3035 272 3121 pleraque
303 3042 401 3112 certe,
427 3041 558 3119 quaein
588 3044 635 3104 tot
658 3039 766 3104 diversi
789 3039 907 3137 generis
936 3045 1025 3122 atque
1048 3041 1155 3103 aetatis
1182 3039 1262 3103 libris

132 3156 265 3221 diflicilia
287 3161 406 3221 exstent
428 3162 516 3240 atque
538 3154 694 3239 impedita,
712 3155 906 3238 quantumvis
928 3152 1058 3218 breviter
1074 3154 1260 3238 expedirem

132 3276 248 3335 vastum
273 3270 395 3354 aliquod
418 3275 508 3354 atque
537 3272 647 3354 ingens
669 3269 745 3333 mihi
768 3269 957 3334 condendum
979 3269 1085 3333 firuaet
1109 3271 1264 3332 Promtua·

133 3385 234 3461 rium,
266 3384 510 3451 Sehleusneri
547 3386 721 3448 Pheraeorum
745 3382 937 3448 voluminum
967 3403 1093 3447 numero
1121 3403 1264 3468 superans

131 3498 221 3580 illud,
246 3504 334 3582 atque
357 3498 394 3562 ed
417 3485 590 3580 eonsilium,
610 3498 691 3581 quod
714 3496 859 3562 brevioris
882 3497 972 3582 hujus
994 3495 1092 3561 Clanis
1113 3519 1261 3561 commen·

96 3663 105 3682 .
131 3613 239 3676 tatiani
262 3633 485 3697 proposueram,
510 3612 727 3696 assequendum
750 3632 940 3695 nequaquam
962 3612 1232 3676 accommodatum.

147 3883 234 3892 ———-
237 3885 307 3892 ..ο--

167 3982 201 4037 (l)
221 3974 291 4026 Illius
310 3976 411 4027 brevior
429 3979 477 4027 vid.
497 3979 586 4029 relatio
604 3979 748 4028 memoratis
767 3979 793 4027 in
811 3977 876 4028 Anu.
897 3984 1079 4038 lma-1853,
1097 3978 1133 4028 V.
1153 3985 1217 4039 2213
1231 4005 1261 4015 -

133 4069 209 4131 hujus
228 4069 355 4131 copiosior
373 4084 480 4119 censura
497 4073 525 4120 in
544 4070 685 4119 Reateri
702 4069 827 4134 Repertor.
846 4071 877 4120 ad
896 4087 929 4120 m.
949 4070 1119 4129 Mart-1856,
1139 4073 1156 4120 l.
1171 4075 1187 4121 l.
1222 4073 1262 4121 Ab

133 4161 264 4229 ἀκριβείᾳ
284 4162 437 4225 plrilologiet
455 4161 488 4210 W
498 4179 511 4212 a
521 4164 536 4212 h
546 4163 554 4211 l
565 4164 572 4212 i
584 4179 600 4212 u
611 4180 634 4213 m
657 4164 742 4212 laudat
760 4171 875 4227 uterque.
912 4163 972 4212 Pel
983 4167 1006 4212 ti
1017 4180 1032 4213 u
1043 4179 1054 4212 s
1075 4168 1184 4215 caeteris
1201 4166 1261 4215 adeo

132 4258 201 4306 illius
219 4257 307 4306 eodem
327 4257 352 4305 iu
380 4270 474 4319 genere
492 4257 611 4322 operibus
629 4257 844 4322 Apoeryphorum
868 4259 932 4307 hune
951 4258 1055 4307 Clavem
1073 4257 1261 4320 praeferendam

131 4352 265 4400 existimat.
298 4351 381 4400 Valde
399 4350 565 4400 honorificum
581 4351 690 4400 conferri
707 4359 790 4414 potest
804 4350 928 4412 judiciuin
942 4364 1046 4401 memor.
1065 4351 1091 4400 in
1111 4346 1260 4400 Lirerararbl.

135 4448 207 4503 rear,
228 4443 271 4492 Ne
292 4448 333 4492 aa.
