2828 4950
551 375 591 417 ns
614 375 673 418 nno
697 375 861 418 oocrnrn'a.
1209 356 1270 419 175
1353 367 1355 373 ’

136 539 268 603 meando
292 539 540 623 consignaverat,
564 538 715 603 Lucilii
737 535 854 601 Balbi
877 538 914 601 de
938 537 1051 602 Divinis
1071 537 1272 634 Ppovidentib

137 653 369 737 disputationem
392 650 555 736 approbare
578 651 748 716 censendus
770 651 837 714 esti
865 650 983 714 Vellem
1006 671 1088 716 sane.
1124 651 1272 735 seuquid

136 768 233 852 magis
263 765 436 830 dubitanter
466 767 618 830 enuntiari
647 766 767 850 potuit?
806 765 914 848 Neque
938 767 1018 829 enim
1041 759 1220 841 aeriorem,¹
1234 787 1273 829 ne

79 910 82 915 ¹
136 883 201 946 ceri
224 882 345 965 quidem
376 882 557 946 similiorem
578 882 674 944 Stoici
705 880 763 944 sibi
792 882 886 945 visam
917 903 981 944 esse
1005 882 1170 948 orationem
1193 881 1274 945 affir-

136 1002 218 1072 mat,
243 996 295 1058 sed
319 997 362 1058 ad
385 997 523 1059 caritatis
554 995 784 1060 sirnilitndinem
803 999 1048 1081 propensiorem.
1097 994 1188 1067 Quod
1211 1017 1273 1059 non

137 1108 274 1172 ornatius
295 1116 326 1172 et
350 1108 469 1172 auctius
492 1109 606 1202 dicitnr
628 1129 683 1193 pro
706 1110 835 1193 simplici
867 1110 1139 1175 verisimilitudine.
1187 1110 1273 1182 Quae

137 1219 178 1282 W
185 1220 439 1304 ytteubacbii
473 1226 537 1285 erat
569 1223 779 1305 interpretatio
810 1223 869 1305 (l).
921 1221 1065 1288 Omnium
1100 1225 1274 1287 cautissimo

137 1335 218 1398 enim
249 1356 310 1419 quo
332 1337 379 1398 uti
412 1341 514 1419 posset
543 1337 712 1408 enuntiato,
736 1336 967 1420 probabilitatis,
994 1340 1054 1421 qud
1077 1337 1135 1400 sibi
1157 1336 1274 1402 Balbi

54 1424 56 1435 ,
136 1447 211 1512 haee
233 1449 380 1514 Cottae
402 1449 449 1513 illi
472 1450 667 1534 praeferenda
691 1451 844 1515 videretur
867 1453 1043 1536 disputatio,
1064 1452 1273 1517 tenuissimum

137 1563 268 1647 aliquem
302 1564 429 1648 gradum
461 1586 525 1628 esse
558 1585 592 1628 ac
623 1564 717 1629 veluti
750 1585 920 1628 mensuram
946 1565 1111 1648 significat.
1139 1603 1183 1615 ·-·
1205 1567 1275 1630 Nec

136 1677 234 1742 multo
250 1679 395 1742 certiores
418 1678 542 1742 Marci
565 1677 694 1742 Tullii
718 1679 870 1741 demente
894 1677 1031 1749 Quinti
1055 1679 1172 1743 Ilratris
1192 1679 1275 1743 dicto
1347 1655 1357 1666 l

136 1793 309 1872 reddimur,
335 1792 417 1876 quod
438 1792 540 1877 plures
563 1812 633 1856 cum
656 1791 687 1854 h.
714 1792 733 1855 l.
759 1791 953 1855 contuleruut
974 1793 1164 1876 interpretes.
1196 1791 1271 1872 Ubi,

136 1905 224 1972 illum
247 1907 429 1990 compellans
451 1912 541 1991 atque
563 1907 600 1971 ad
623 1907 725 1970 locum
746 1904 900 1970 laudatum
924 1906 1099 1989 respiciens,
1123 1909 1199 1970 sotis
1221 1908 1274 1971 de·

128 2020 253 2104 sensam
280 2044 301 2085 a
324 2021 487 2086 Lucilio
518 2020 675 2106 (Balbo)
699 2021 877 2104 redipionem
900 2019 1038 2092 affirmat;
1062 2021 1146 2104 cnjus
1166 2022 1275 2105 dispu-

137 2139 212 2200 tatio
236 2136 307 2200 Tibi
329 2136 425 2220 ipsi,''
447 2137 506 2211 ait,
530 2147 584 2198 »ut
603 2139 637 2199 in
656 2147 788 2199 extremo
808 2138 894 2198 tertio
917 2134 1032 2211 scribis,
1056 2136 1275 2198 columitatem

137 2259 201 2314 »est
220 2251 285 2314 visa
306 2251 492 2334 propensior
522 2249 601 2334 (2).”
646 2250 711 2313 Hic
733 2249 853 2331 quidem
878 2271 937 2310 non
961 2251 1025 2310 sine
1049 2249 1149 2332 aliquo
1172 2250 1274 2332 pristi-

136 2384 192 2426 nae
215 2365 298 2427 vocis
320 2363 539 2448 quodammodo
562 2364 712 2426 acuendae
736 2362 861 2424 consilio
880 2363 992 2424 laetum
1016 2364 1195 2446 putaverim,
1223 2369 1270 2439 ut,

136 2476 218 2560 quod
250 2480 337 2541 antea
369 2477 406 2540 ad
438 2479 576 2541 veritatis
601 2478 832 2542 similitudinem
852 2478 1037 2561 propensius
1065 2482 1272 2562 nuncupatum

136 2595 219 2669 erat,
251 2586 386 2676 idjam,
420 2590 520 2674 paullo
551 2585 693 2674 majorem
724 2589 944 2676 probabilitatis
971 2591 1096 2675 gradum
1120 2592 1273 2654 indicante

137 2703 314 2781 enuntiato,
345 2706 389 2769 cd
419 2707 576 2771 veritatem
608 2709 794 2792 propensius
830 2711 1000 2768 vocaretur.
1054 2704 1168 2768 Verum
1181 2746 1186 2760 ·
1200 2705 1273 2768 hinc

138 2826 220 2882 certa
243 2825 365 2903 apparet
395 2819 502 2884 ultima
531 2820 583 2884 illa
605 2819 692 2884 Libri
719 2820 803 2882 tertii
827 2816 940 2896 verba,
964 2819 1184 2900 quodammodo
1207 2840 1272 2882 mu·

136 2936 200 3015 teta
221 2932 273 2997 ills
287 2933 351 3019 (3),
368 2939 511 3018 tanquam
534 2937 614 3000 aerio
636 2936 792 2999 enuntiata
814 2953 958 3016 suamque
981 2933 1018 2996 de
1040 2935 1188 3019 religione
1208 2955 1272 2997 seu·

135 3047 264 3110 tentiam
292 3049 477 3133 aperientis,
511 3048 669 3120 Quinto
701 3049 802 3112 Fratri
826 3048 986 3130 repetenda
1009 3047 1152 3112 tribuisse
1176 3048 1273 3112 Mar·

136 3142 223 3224 cnm
254 3161 503 3228 Ciceronem.
802 3147 808 3160 ⁵

181 3274 240 3338 Sed
262 3276 335 3359 quid
359 3281 424 3353 est,
462 3277 542 3360 qnod
566 3275 613 3338 hir
635 3277 668 3338 in
698 3276 789 3338 dietis
812 3276 996 3359 explicandis
1026 3298 1059 3351 ae
1082 3277 1272 3339 conferendis

136 3410 258 3474 operam
287 3391 456 3474 ponamus?
501 3389 581 3453 Ecce
609 3390 708 3453 euiml
747 3390 880 3472 ejusdem
911 3393 948 3454 de
972 3389 1100 3454 Notnrd
1130 3389 1272 3454 Deorum

136 3504 237 3590 operis
264 3505 362 3590 primo
392 3527 429 3570 ex
462 3505 558 3570 Libro
589 3505 665 3570 alius
703 3503 791 3569 nobis
820 3505 905 3569 locus
933 3503 1095 3588 objicitur,
1130 3505 1182 3588 qui
1209 3527 1270 3569 non
1318 3587 1323 3598 Ι

135 3619 299 3694 Stoicis,
329 3622 410 3704 quod
433 3621 487 3685 ills
509 3643 546 3686 ex
570 3620 705 3685 clausulis
736 3617 976 3704 suspicabamur,
1002 3617 1055 3680 sed
1079 3617 1271 3681 Academi·

135 3735 194 3798 cis
216 3735 317 3819 potius
340 3736 391 3799 hic
413 3737 522 3801 favisse
544 3735 775 3820 Philosophum,
800 3733 1005 3798 demonstrare
1028 3731 1176 3794 videatur.
1212 3730 1272 3795 Lo·

136 3869 207 3912 cum
231 3849 381 3934 significo,
405 3850 457 3915 ubi
480 3873 539 3915 non
564 3851 634 3924 sibi,
655 3849 707 3913 scd
731 3849 870 3912 Cottae
895 3847 1078 3910 Academico
1102 3846 1270 3932 adjutorem

173 4144 211 4207 (l)
229 4144 260 4195 In
276 4147 449 4207 annotatione,
467 4145 620 4199 Crenzeri
638 4150 730 4199 horum
748 4147 885 4198 Librorum
903 4145 1006 4195 editioni
1029 4142 1149 4206 subjecta.

173 4238 211 4300 (2)
229 4237 269 4288 De
287 4237 397 4288 Divinot.
417 4237 448 4289 L.
466 4239 487 4290 1.
507 4239 569 4305 Cap.
587 4246 612 4291 5.
641 4259 644 4263 ¹

173 4332 211 4394 (3)
232 4329 303 4380 Haec
328 4331 382 4395 ipso
409 4335 538 4397 repetiisse
565 4335 721 4396 Quintum
746 4333 872 4390 Fratrem,
898 4345 949 4380 non
976 4329 1164 4380 accuratissime
1188 4327 1271 4379 denno

136 4426 198 4477 dicit
217 4425 493 4491 Wyttcubachius.
799 4405 820 4436 '¹
