2782 4958
133 326 176 388 80
621 337 792 383 nraaoruu

124 517 250 595 tumque
272 507 347 574 adeo
369 507 452 574 acuit
473 510 505 573 et
528 527 546 572 a
568 507 695 571 caeteris
716 504 882 590 distinguit
904 506 1087 590 praemissus
1109 505 1178 592 ille,
1191 506 1262 572 arti·

126 624 215 692 culus
237 629 287 693 τό.
334 622 434 697 Quem
457 620 500 687 ibi
524 642 636 707 ponere
661 621 811 698 Graecos,
834 618 888 683 ubi
911 639 967 684 nos
981 621 1070 705 sipara
1093 621 1261 702 citationis,

126 739 219 827 vulgo
242 743 349 804 notum
371 741 429 802 est.
477 735 584 800 Veluti
606 734 809 820 postmodum,
835 734 912 819 Gap.
937 733 999 800 IV.
1025 737 1056 814 1,
1073 741 1110 804 τὸ
1132 738 1264 818 octaedri

126 884 155 923 κ.
180 882 211 923 τ.
234 853 281 936 λ.,
306 851 361 921 ubi
383 850 448 939 ipss
465 851 621 918 ¹videndus
643 856 690 916 est
712 855 816 916 noster
838 849 1007 934 Interpres.

174 1191 191 1252 1
222 1187 324 1252 Thess.
350 1187 416 1252 ΙΙΙ.
432 1193 466 1252 5.
491 1194 619 1271 Maioma
644 1189 813 1272 inciperes
839 1190 921 1272 ὑμᾶς
935 1215 964 1253 κ.
976 1213 1007 1254 τ.
1023 1187 1053 1253 λ.
1101 1184 1266 1252 Difficilior

128 1301 193 1366 sine
216 1300 309 1365 dubio
331 1300 404 1367 hacc
428 1298 629 1377 constructio,
652 1301 685 1365 in
707 1303 768 1385 qut
791 1300 976 1386 expedienda
999 1300 1141 1366 dissentit
1161 1302 1267 1366 aWi·

129 1435 225 1478 nero
247 1413 519 1480 Fritaschius.
564 1413 645 1479 Mihi
672 1412 795 1498 quidem
818 1413 970 1498 perplacet
991 1415 1265 1496 Liinemannus,

130 1533 162 1592 et
184 1531 266 1593 recta
285 1529 427 1614 judicans
448 1529 500 1593 ille
524 1533 555 1594 et
585 1527 696 1610 libere,
729 1549 786 1592 nec
814 1528 1061 1615 coryphaeorum
1090 1531 1268 1597 alterutrius

131 1643 302 1708 auctoritati
324 1650 437 1709 temere
460 1642 682 1729 obtemperans.
719 1644 874 1710 Neutrum
892 1647 974 1712 enim
992 1651 1126 1724 secutus,
1147 1667 1267 1733 aprae-

131 1777 236 1842 gresso
264 1765 391 1841 ysaiam
416 1779 591 1843 suspensum
614 1780 697 1839 esse,
719 1759 799 1842 qnod
823 1759 1051 1846 adscripsimus,
1074 1761 1193 1826 dictum
1213 1781 1268 1846 pu·

131 1876 196 1937 aaa:
222 1896 296 1938 num
308 1872 394 1960 forte
414 1896 466 1940 voa
487 1873 633 1939 Teatctor
655 1872 836 1941 racanati?
863 1875 965 1948 Quam
987 1875 1268 1959 interpretationem

131 1989 215 2052 recta
236 1989 426 2073 praeiverant
446 1987 643 2065 Schottus,
668 1988 859 2071 Wahlius,
883 1991 1151 2056 De·Wettius.

180 2337 199 2400 1
228 2333 331 2399 ltere.
356 2333 420 2398 ΙΙΙ.
446 2337 478 2400 7.
505 2336 663 2424 Ἀνάγκῃ
688 2341 744 2403 καὶ
768 2336 900 2426 θλίψει.
948 2334 1000 2400 Sic
1022 2331 1122 2412 enim,
1144 2332 1270 2398 testium

133 2448 333 2526 auctoritate,
360 2453 443 2513 recte
472 2447 547 2514 haee
576 2451 691 2534 trajicit
719 2449 820 2516 verba.
865 2449 924 2516 Sed
953 2447 1141 2514 confidenter
1162 2466 1269 2518 eorum

131 2564 249 2629 monita
279 2562 417 2649 repudiat
442 2584 498 2628 nec
523 2564 688 2648 quidquam
716 2563 816 2629 valera
844 2565 992 2643 affirmat,
1025 2562 1078 2648 qui
1101 2560 1267 2642 binorum,

130 2698 208 2762 quae
230 2675 282 2741 hle
297 2677 409 2761 scripta
430 2682 564 2760 exstant,
599 2677 857 2744 substantivorum
891 2683 1069 2764 potestatem
1096 2677 1270 2743 discernere

131 2791 233 2856 conati
255 2796 336 2856 suut.
368 2791 499 2856 Prorsus
519 2812 682 2877 aprronymo
705 2791 803 2877 igitur
824 2790 878 2857 illa
892 2790 1000 2858 habere
1021 2790 1151 2855 videtur.
1172 2791 1268 2877 Spero

130 2911 231 2971 tamen
254 2905 330 2982 fora,
355 2909 411 2988 ut,
436 2925 469 2973 ra
491 2907 661 2971 accuratius
687 2908 850 2992 perpensa,
876 2905 953 2972 mihi
973 2907 1032 2971 Vir
1054 2884 1269 2970 solertissimus

131 3020 293 3098 assentiat,
312 3022 462 3108 ἀνάγκην
485 3019 665 3087 vocabulum
683 3021 822 3108 paoercia
844 3043 908 3086 esse
931 3021 1088 3099 statuenti,
1104 3020 1187 3104 quod
1201 3018 1269 3085 nul·

131 3134 204 3200 lum¹
219 3155 280 3198 non
302 3134 511 3200 calamitatum
534 3155 630 3220 genus
653 3136 818 3218 contineat,
843 3136 968 3224 θλίψιν
994 3135 1032 3199 de
1064 3133 1268 3220 oppressioni·

41 3241 45 3246 ’
132 3250 187 3315 dua
212 3247 390 3337 stapulotim
412 3248 473 3315 diei
500 3271 534 3314 ac
563 3251 839 3336 persecutionibus,
869 3248 980 3334 quibus
1010 3248 1201 3314 christianos
1220 3246 1268 3312 sel

132 3362 255 3430 Ethuici
280 3367 425 3431 vexarent
442 3363 491 3430 ael
513 3362 636 3434 Judaei.

179 3714 197 3774 l
228 3708 325 3776 Thess.
346 3710 409 3774 111.
430 3713 450 3775 8
474 3713 506 3773 et
524 3715 558 3774 9.
606 3705 688 3771 Vere
713 3709 886 3770 accuratum
910 3725 974 3768 sese
1004 3704 1191 3769 demonstrat
1209 3702 1272 3768 Ex·

131 3820 321 3908 plicatorem,
342 3823 408 3906 ubi,
426 3825 536 3910 priora
556 3823 630 3904 loco,
660 3820 697 3885 ab
719 3821 758 3884 iis
773 3819 861 3906 plane
876 3819 1028 3900 dissentit,
1049 3817 1102 3901 qui
1124 3816 1270 3881 efficacis·

132 3938 243 4002 simum
265 3937 317 4004 hta
339 3937 465 4004 uerbum
497 3942 602 4024 ζῶμεν
632 3956 725 4021 vagae
748 3933 1010 4020 interpretationis
1036 3930 1162 3996 laxitate
1192 3935 1271 3995 atte-

130 4054 277 4123 nuarunt.
338 4050 448 4128 Item,
461 4051 537 4132 ubi,
561 4053 729 4137 posteriora
757 4050 839 4126 loco,
863 4047 1023 4125 subtilius,
1054 4067 1144 4131 quam
1179 4045 1270 4111 multi

131 4166 335 4248 praeiverant,
359 4164 443 4231 verbi
466 4142 715 4235 daranododam
739 4164 918 4228 seutentiam
937 4161 1078 4226 declarat.
1124 4148 1194 4224 Nee
1213 4158 1272 4222 mi·

19 4315 21 4320 s
131 4281 194 4344 nus'
219 4286 302 4345 recte
329 4301 397 4345 cum
430 4303 460 4344 v.
494 4284 646 4368 χαίρομεν
683 4278 844 4364 conjungit
874 4281 1059 4364 ἔμπροσθεν
1089 4280 1145 4344 τοῦ
1171 4277 1269 4342 Θεοῦ.

130 4391 222 4464 Quod
244 4400 356 4474 umen,
380 4395 551 4480 siquando
579 4393 689 4459 librum
717 4392 909 4472 retractabit,
935 4411 997 4455 non
1016 4387 1119 4476 gaudii
1148 4392 1270 4453 tantum
