2782 4958
583 343 760 397 iunonoors.
1184 328 1248 392 157

107 525 212 591 »rimis
236 529 326 608 atque
354 521 525 588 abdominis
548 524 624 586 mala
653 521 812 586 memoriae
842 518 995 606 proditum
1018 523 1084 591 est,
1110 524 1157 594 nt,
1182 523 1251 602 post

109 642 282 723 aspectum
306 659 340 700 ac
366 638 529 700 dissectum
553 637 665 701 mortni
689 635 824 710 cadaver,
849 655 902 718 per
925 654 1013 697 omne
1036 630 1111 696 illud
1134 637 1248 718 tempo·

109 753 142 815 ia
168 753 304 837 spatium
328 751 445 837 agendo
468 771 502 813 ac
526 748 645 833 publice
668 749 796 813 dicendo
820 747 957 811 sufficere
979 747 1113 831 potuisse
1137 768 1170 809 ac
1189 748 1242 811 du·

107 888 170 930 are
213 869 322 931 misero
359 865 497 927 affectum
531 884 658 948 corpus,
689 862 880 927 vehementer
916 859 1031 924 Medici
1067 861 1249 924 mirarentur

107 985 277 1046 bnatomes
299 979 389 1064 periti
412 981 475 1063 (l).
501 1013 546 1025 -
565 976 680 1042 Verum
700 976 800 1061 qualis
822 975 1104 1053 Tascbirneri,
1129 974 1182 1038 diu
1200 996 1248 1038 ve·

107 1094 170 1178 geti
206 1115 243 1157 aa
269 1092 385 1158 robusti
409 1091 499 1170 Viri,
530 1091 645 1175 aliquot
674 1114 726 1176 per
756 1113 851 1155 annos
881 1112 946 1154 sors
969 1091 1028 1154 luit
1052 1114 1085 1156 ao
1108 1090 1246 1166 miseria3

107 1207 179 1272 alis
202 1207 352 1292 Theologi
376 1206 581 1270 Berolinensis
604 1205 641 1270 ab
665 1209 789 1270 ineunte
811 1190 881 1270 inde
905 1205 1126 1286 adolescentit,
1145 1211 1250 1269 totum

106 1344 162 1408 per
189 1323 310 1387 dieram
333 1331 481 1402 cursam,¹
501 1322 537 1386 ad
557 1327 725 1385 extremum
749 1342 845 1406 usqne
868 1321 930 1385 iere
952 1324 1083 1406 pectoris
1108 1320 1247 1386 halitum.

106 1438 197 1504 Huic
223 1459 304 1517 vero,
331 1437 504 1501 novissimis
526 1436 606 1499 vitae
629 1436 726 1509 annis,
753 1437 787 1499 ad
820 1442 937 1501 caetera
959 1437 1093 1521 corporis
1112 1435 1175 1519 jam
1203 1456 1252 1498 ex·

106 1552 216 1617 hausti
241 1551 318 1615 mala
341 1574 375 1615 ea
398 1551 553 1616 oculorum
579 1551 705 1614 accessit
733 1550 893 1614 infirmitas
915 1557 947 1615 et
968 1557 1087 1616 tantum
1110 1572 1169 1614 non
1194 1570 1251 1614 oc·

106 1666 268 1742 caecatio,
293 1687 369 1749 qnae
391 1663 659 1729 laboriosissimum
681 1664 713 1727 in
737 1663 852 1727 edendo
881 1685 1006 1750 pergere
1029 1664 1116 1750 plane
1137 1670 1253 1728 vetaret

109 1786 301 1861 Auctorem,
335 1781 415 1865 quod
439 1780 492 1844 diu
520 1778 693 1858 incbotrat,
726 1777 888 1845 Historiae
912 1779 1141 1846 Ecclesiasticac
1163 1801 1252 1865 opere

106 1894 293 1960 immortali.
341 1893 399 1957 Sed
423 1914 461 1956 ne
486 1913 568 1956 nuno
599 1891 721 1976 quidem
744 1893 890 1976 requietis
915 1893 1074 1978 quicquam
1100 1892 1158 1957 sibi
1182 1913 1253 1956 con·

114 2008 284 2073 cedendum
313 2005 454 2091 putabat,
485 2007 519 2069 in
547 2011 641 2070 semet
663 2006 763 2089 ipsum
785 2012 846 2068 tam
870 2004 981 2082 durus,
1010 2026 1099 2088 quam
1122 2006 1155 2069 in
1178 2003 1253 2068 alios

111 2121 193 2185 lenis
226 2120 317 2185 homo
348 2127 437 2204 atque
467 2120 642 2205 indulgens.
691 2119 772 2183 Nam
800 2118 858 2183 hoc
880 2120 1070 2204 potissimum
1093 2119 1254 2184 afflictissi-

120 2257 200 2299 mum
225 2241 362 2319 tempus,
393 2235 559 2298 alienorum
591 2234 746 2298 oculorum
771 2234 883 2297 vicario
905 2255 978 2299 usus
1001 2234 1120 2310 officio,
1147 2234 1181 2297 ad
1207 2255 1253 2297 re-

120 2330 276 2415 tractanda
299 2352 496 2435 repetitisque
525 2348 710 2412 editionibus
738 2326 923 2412 emendanda
957 2350 1105 2413 convertit
1128 2353 1159 2411 et
1182 2347 1252 2431 alia,

121 2486 194 2550 qnae
210 2465 284 2530 olim
299 2459 452 2550 vulgarat,
473 2465 586 2548 scripta
597 2469 628 2527 et
640 2463 899 2548 Monogrammata
911 2463 1065 2528 historica.
1091 2462 1142 2526 Sic
1156 2463 1255 2548 igitur

121 2584 150 2643 st
172 2583 262 2642 antea
284 2583 316 2641 et
338 2599 419 2641 nnnc
442 2578 607 2662 imprimis,
636 2581 753 2643 summa
776 2579 887 2642 virium
911 2579 1102 2642 contentione
1127 2576 1254 2642 molesto

121 2692 259 2757 dolorum
280 2692 382 2755 sensui
406 2691 556 2768 renitens,
586 2695 648 2755 tam
679 2689 776 2754 debile
800 2690 892 2755 hocce
917 2692 1027 2755 mentis
1049 2690 1253 2756 habitaculum

121 2809 219 2872 animo
249 2809 362 2872 servire
392 2811 481 2891 atque
513 2805 549 2870 ad
582 2806 722 2890 imposita
752 2804 811 2870 sibi
834 2806 982 2872 divinitus
1005 2829 1095 2892 pensa
1117 2805 1254 2871 obeunda

119 2905 291 2985 ministrare
314 2919 442 3006 cogebat
464 2921 605 2984 invitum.
656 2919 724 2983 Nee
747 2941 817 2984 vero
841 2919 899 2983 sibi
923 2922 1036 3007 potins,
1065 2943 1155 3007 quam
1179 2922 1251 2996 Dei,

120 3035 207 3118 cnjus
229 3032 369 3098 omnibus
392 3035 425 3097 in
450 3035 601 3097 aerumnis
630 3039 784 3118 paternam
814 3037 952 3101 venerari
975 3037 1122 3101 didicerat
1144 3035 1253 3122 benig-

119 3149 259 3227 nitatem,
286 3149 400 3213 anxilio
421 3149 664 3232 praesentissimo
685 3167 769 3212 suam
793 3148 871 3212 hanc
885 3148 1051 3226 tribuebat,
1069 3171 1159 3234 qnam
1175 3148 1253 3214 Stoi·

119 3285 186 3328 cum
209 3263 271 3326 fere
295 3263 422 3339 dixeris,
446 3263 645 3326 constantiam
669 3284 703 3326 ac
726 3266 989 3348 perseverantiam.

162 3376 238 3440 Tam
259 3376 419 3441 diuturnae
436 3375 508 3442 hnic
524 3375 651 3441 afflictae
668 3378 849 3443 valetudinis
864 3379 1033 3453 infirmitati
1054 3383 1142 3463 atque
1158 3379 1254 3464 aegri·

118 3490 220 3555 tudini
243 3489 336 3554 solam
359 3490 479 3554 tandem
503 3492 681 3556 medicinam
703 3494 817 3573 attulit,
846 3499 907 3558 tam
928 3495 1077 3559 constanti
1101 3492 1173 3560 huic
1192 3494 1253 3557 for·

120 3605 158 3668 tis
182 3604 276 3668 animi
299 3626 369 3669 eum
399 3606 534 3688 corporis
565 3604 652 3669 malis
674 3606 832 3672 luctationi
855 3609 947 3672 finem
969 3628 1030 3671 nox
1053 3606 1175 3670 demum
1197 3605 1253 3669 im·

120 3719 238 3802 posuit,
261 3738 338 3802 quae
360 3721 484 3782 tertium
507 3721 658 3785 decimum
681 3724 759 3786 inter
782 3731 810 3787 et
832 3732 975 3808 precntum
999 3722 1148 3788 decimum
1171 3720 1254 3786 diem

121 3855 159 3897 m.
186 3829 272 3898 Julii
294 3856 325 3896 a,
358 3837 442 3898 1850
468 3835 565 3898 media
595 3835 752 3901 intererat.
800 3837 886 3902 Haec
914 3837 994 3901 enim
1017 3836 1125 3901 Senem
1149 3839 1251 3920 (nam,

126 4024 289 4037 ᾖ.-

156 4145 194 4206 (1)
223 4141 395 4209 Consnlmnr,
418 4163 471 4200 non
489 4152 543 4202 sina
568 4151 642 4211 Viri,
666 4166 743 4216 quem
761 4152 884 4213 celebrat,
904 4153 1065 4203 miseratione
1082 4167 1163 4216 nuper
1180 4167 1196 4202 a
1212 4165 1254 4202 nra

125 4237 248 4297 relectus,
275 4238 376 4290 libellus
393 4242 606 4304 elegantissimum
632 4243 812 4311 Mr'ubeilanpea
831 4261 877 4294 aaa
891 4244 933 4294 des
950 4244 1087 4295 mumdum
1102 4243 1256 4310 capersana-

125 4335 212 4397 denten,
233 4338 280 4387 Dr.
299 4339 333 4388 Η.
354 4333 387 4386 G.
411 4337 619 4400 Trachirner,
641 4338 722 4389 lenna
739 4342 820 4389 Amas·
837 4356 861 4390 u.
881 4339 1066 4406 Lenemjatren
1082 4358 1106 4391 a.
1126 4355 1147 4389 s.
1166 4355 1195 4389 ao.
1211 4354 1255 4388 oon

125 4425 152 4476 J.
171 4428 205 4477 D.
225 4424 403 4490 Goldborn,
423 4429 497 4494 Pros.
517 4430 560 4479 der
583 4430 680 4495 Tteol.,·
698 4432 769 4497 Lips.
792 4439 865 4484 1828.
