2782 4958
125 337 166 399 36
466 364 477 375 ·
613 357 770 400 uranoaurr
893 390 896 394 .

128 529 199 591 tunt
223 526 284 592 aaa
301 526 483 612 ΰρκέσουσί
514 549 576 591 σοι.
624 526 693 589 Nec
716 525 804 590 aliter
827 525 893 589 loco
918 526 1072 611 parallelo,
1100 528 1119 591 2
1145 525 1260 593 Claros.

129 639 187 704 VI.
213 640 268 703 18.
317 637 428 702 Melius
458 638 610 722 Vulpata:
635 639 688 705 'Tc
714 661 823 725 capere
852 663 912 705 non
940 652 1084 726 poarunt;
1113 641 1211 728 Syrus
1234 647 1266 707 et

129 754 252 818 Araba:
285 754 326 818 Te
348 776 409 818 non
431 755 566 838 capiunt.
619 750 905 818 Aleacndra'aoram
929 761 1029 819 autem
1052 757 1266 840 interpretatio

128 890 164 933 ex
189 890 248 933 non
276 867 430 933 intellecto
457 867 524 932 loco
554 868 668 952 potius,
703 889 792 953 quam
815 891 853 932 ex
876 869 963 933 aliter
994 869 1074 933 lecto
1101 870 1265 954 repetenda

127 985 255 1048 videtur.
316 984 412 1048 Recte
441 986 523 1046 certe
557 988 706 1067 receptam
738 983 899 1047 lectionem
930 986 1043 1048 retinet
1066 961 1265 1069 'explicatque

127 1100 325 1175 Thenius3
356 1119 412 1162 nec
435 1098 555 1162 eosdem
587 1103 674 1162 curat
697 1099 894 1182 Interpretes,
924 1099 1068 1162 sectionis
1089 1098 1150 1162 fine
1173 1097 1267 1162 verba

127 1214 331 1278 inculcantes:
355 1222 401 1300 τῷ
421 1216 558 1298 ὀνόματί
582 1239 652 1281 σου.

171 1327 240 1391 Nec
263 1328 363 1389 minus
386 1316 578 1390 laudabiliter
600 1331 717 1390 caetera
733 1327 873 1410 pleraque
896 1326 1045 1410 explanat.
1092 1326 1151 1390 Sed
1168 1327 1264 1411 quod,

125 1439 252 1522 hujusce
275 1446 351 1506 sect.
378 1446 418 1507 27
452 1444 553 1519 initio,
585 1441 763 1525 particulam
787 1459 815 1506 ’r
846 1441 939 1503 solam
970 1439 1047 1503 hanc
1069 1441 1131 1503 vim
1154 1439 1265 1505 habere

126 1554 273 1631 affirmat,
307 1560 343 1620 ut
366 1556 501 1641 graviter
524 1557 691 1639 proximam
714 1536 828 1639 aperiat
851 1555 1133 1639 interrogationem
1164 1555 1267 1619 videat

126 1671 244 1754 etipse
267 1674 314 1750 et,
339 1690 430 1754 quem
450 1669 569 1744 laudat,
593 1668 823 1754 Hitzigius,
848 1690 885 1732 ne
912 1669 949 1732 ad
969 1691 1078 1754 capam
1100 1669 1188 1733 istam
1209 1691 1265 1734 nos
1289 1757 1292 1765 Ι

128 1784 275 1850 reducant
297 1784 367 1848 lace
389 1784 653 1869 interpretantium
678 1785 841 1858 rationem:
862 1781 974 1868 quibus
995 1783 1067 1847 olim
1090 1783 1122 1846 in
1145 1782 1265 1848 deliciis

126 1898 216 1962 inane
239 1897 356 1962 dictum
379 1903 461 1963 erat:
488 1898 547 1988 Eat
570 1897 726 1983 particulo
749 1899 937 1962 transeundi.
984 1896 1064 1961 Mihi
1088 1898 1211 1982 quidem
1236 1916 1264 1963 ’2
1292 1910 1294 1915 ’

129 2011 165 2077 ab
189 2014 299 2078 omisso
321 2014 450 2098 quodam
473 2013 603 2098 pendere
635 2013 753 2077 videtur
782 2014 935 2097 cogitato,
961 2010 1054 2097 quod,
1088 2014 1145 2076 etsi
1168 2013 1264 2098 Regis

128 2129 221 2192 menti
253 2130 537 2212 repraesentaretur,
564 2125 680 2207 fervida
701 2131 840 2211 precatus
864 2126 955 2189 animi
972 2128 1183 2206 commotione,
1203 2148 1262 2191 non

128 2243 239 2308 diserte
263 2243 477 2308 enuntiaverit.
526 2241 671 2306 Proxima
693 2242 821 2325 petierat
844 2246 918 2307 sect.
938 2245 992 2320 26,
1022 2245 1069 2316 ut,
1096 2240 1177 2324 quod
1193 2241 1263 2305 Da·

128 2359 195 2422 vidi
215 2357 317 2421 datum
341 2363 416 2435 erat,
443 2362 541 2421 ratum
564 2357 651 2420 fieret
673 2358 865 2439 promissum.
918 2354 1007 2435 Quod
1027 2378 1060 2420 eo
1082 2357 1199 2442 majore
1214 2357 1263 2443 fi-

128 2473 221 2537 ducict
243 2495 274 2537 aa
292 2482 397 2557 petere
417 2493 506 2555 pocae
528 2471 587 2534 aidi
606 2493 789 2555 persuasum
812 2472 910 2552 labet,
944 2471 1064 2555 quando
1086 2473 1122 2534 et
1144 2472 1263 2556 magni-

127 2585 234 2649 tudine
257 2606 291 2648 ac
313 2587 449 2669 potentit
472 2585 588 2648 Jehova
611 2585 787 2669 praecellat,
822 2587 871 2651 cui
903 2608 941 2650 ne
965 2587 1116 2651 coelorum
1138 2587 1262 2670 quidem

129 2697 260 2763 ambitus
282 2698 460 2777 latissimus,
483 2698 596 2762 nedum
619 2704 698 2764 terra
721 2701 834 2765 limites
857 2706 958 2785 ponat.

173 2929 278 2994 Sect.
304 2932 472 2995 rainario.
521 2928 623 2994 Verba
656 2929 843 2999 ammoniam
877 2931 913 2999 la
941 2932 1076 3017 plerique
1104 2930 1262 2995 Versiouis

128 3043 218 3108 Alex.
252 3044 400 3124 Codices,
433 3045 464 3107 in
495 3043 605 3129 quibus
635 3046 698 3130 ipse
729 3047 818 3110 etiam
857 3047 1036 3122 Vaticanus,
1072 3047 1116 3109 sic
1140 3051 1262 3110 eontra·

127 3156 217 3237 hunt,
243 3163 278 3224 ut
301 3159 488 3223 solummodo
511 3159 698 3226 substituant
714 3165 767 3228 ἐπὶ
789 3167 848 3242 τὴν
873 3161 984 3247 δέησίν
1005 3186 1080 3244 μου.
1114 3158 1262 3222 Pleniora

126 3271 239 3337 habent
277 3273 349 3339 Coa.
374 3274 609 3340 Aleaandra‘nca
637 3275 785 3360 paucique
819 3274 880 3337 alii.
936 3273 1047 3338 Utrum
1075 3273 1193 3336 veriora
1227 3294 1262 3336 ac

127 3407 288 3471 germana,
330 3387 400 3470 quis
435 3387 569 3452 dixerit?
621 3388 667 3452 Eo
704 3388 801 3472 majus
836 3408 909 3450 saue
942 3385 993 3450 hic
1035 3384 1192 3452 aberrandi
1227 3410 1262 3453 ac

128 3501 273 3584 quaedam
296 3501 456 3565 omittendi
479 3501 612 3566 librariis
633 3501 802 3586 periculum
825 3504 905 3576 erat,
922 3520 982 3584 quo
998 3499 1144 3565 similiora
1158 3504 1263 3587 proxi·

129 3635 189 3696 me,
223 3615 327 3679 eadem
351 3615 408 3679 hato
437 3617 581 3695 sectione,
619 3616 786 3699 sequentia.
834 3613 984 3679 Theuio
1006 3612 1174 3681 breviorem
1197 3638 1262 3682 sese

128 3748 190 3790 non
205 3727 346 3812 probasse
370 3729 531 3792 lectionem
556 3734 706 3813 apparet·
732 3728 837 3812 Ipsum
864 3729 954 3791 etiam
976 3728 1146 3795 Chronicon
1173 3731 1261 3815 plane

129 3840 233 3905 etdem
259 3842 388 3916 ratione,
424 3845 485 3927 qut
508 3848 612 3906 nostro
635 3841 668 3907 h.
695 3842 715 3907 l.
740 3865 757 3907 a
779 3841 962 3907 Masorethis
984 3843 1105 3928 vulgata
1128 3850 1259 3925 exstant,

129 3952 221 4037 hujus
244 3956 388 4018 sectionis
411 3956 492 4021 dicta
515 3958 627 4038 refert3
661 3958 722 4023 nisi
745 3958 825 4043 quod
855 3957 998 4022 ultimum
1029 3959 1144 4022 omittit
1175 3982 1260 4025 voca·

128 4067 235 4133 bulum
257 4085 341 4134 nra.

130 4340 134 4345 -
174 4299 275 4364 Sect.
303 4303 358 4364 29.
406 4300 562 4369 Vocabula
584 4322 648 4371 nar
677 4302 740 4371 rari
768 4303 870 4369 eodem
902 4302 979 4383 hoc,
1010 4324 1071 4387 quo
1104 4304 1138 4367 in
1171 4307 1259 4368 textu

130 4413 225 4479 Hebr.
250 4414 393 4478 collocata
417 4422 507 4499 sunt,
542 4419 648 4483 ordine
681 4423 831 4503 reponunt
860 4416 965 4482 Veros.
992 4416 1104 4502 Vulg.,
1132 4415 1256 4499 Chald,
