2782 4958
445 1474 954 1572 connubioque.

620 1813 779 1831 κο...-

688 2071 712 2127 Ι.

179 2218 253 2318 Quo
284 2233 373 2298 modo
404 2252 437 2298 ac
460 2253 533 2316 quus
555 2253 609 2319 per
631 2254 747 2298 caussas
769 2234 882 2299 factum
904 2233 944 2300 sit
969 2239 1005 2300 ut
1029 2234 1174 2316 Cantica,
1204 2233 1258 2300 sire

136 2353 258 2443 antc‘co
283 2349 480 2424 Conticcrum,
502 2349 592 2413 Sacro
614 2348 647 2411 in
677 2347 784 2412 Codice
814 2347 914 2413 locum
945 2349 1114 2414 vindicaret
1142 2349 1258 2432 antiqua

132 2468 310 2532 ludaeorum
343 2463 492 2546 Ecclesia,
523 2462 638 2549 duplici
669 2465 764 2548 elque
787 2463 871 2530 valde
893 2463 1010 2528 diversa
1034 2464 1085 2528 vid
1118 2462 1260 2527 declarare

131 2583 230 2646 conati
252 2586 323 2645 suut
346 2580 408 2646 Viri
435 2578 568 2663 cujusvis
590 2579 694 2642 aetatis
715 2579 896 2665 gravissimi.
922 2576 1050 2642 Alteram
1078 2598 1140 2640 non
1161 2578 1257 2661 inepte

130 2695 282 2781 mysticum
305 2694 416 2758 dixeris
439 2693 528 2767 viam,
553 2690 675 2757 alteram
698 2693 831 2757 criticum
851 2698 940 2777 atque
963 2692 1148 2757 historicam.
1186 2691 1256 2767 Qui·

131 2806 187 2872 bus
209 2809 270 2872 illc
291 2804 425 2891 placebat
447 2807 537 2880 ratio,
564 2805 673 2871 horum
695 2805 785 2892 longe
806 2806 943 2893 plerique
965 2805 1135 2892 allegoricis
1156 2804 1208 2868 hic
1230 2824 1259 2868 ac

129 2921 240 3005 typicis
274 2919 457 3006 imaginibus
489 2922 703 2986 sanctissimam
737 2920 861 3007 depingi
891 2926 922 2986 et
955 2919 1087 3007 praedici
1114 2919 1257 2984 Messian

128 3035 209 3099 inter
238 3040 268 3099 et
298 3035 462 3100 Ecclesiam
490 3035 742 3101 necessitudinem
772 3035 984 3099 existimtrunt
1007 3056 1041 3099 uc
1068 3035 1258 3119 conjunctio-

127 3170 209 3215 nem.
257 3151 441 3234 Quamquam
460 3172 563 3214 eorum
585 3152 618 3214 in
641 3171 766 3214 numero
788 3151 840 3215 six
862 3155 916 3215 aut
937 3171 976 3213 ne
996 3148 1049 3213 vix
1060 3148 1187 3232 quidem
1202 3146 1258 3210 duo

128 3264 252 3329 suerunt
280 3265 334 3348 qui
356 3264 460 3329 cadem
483 3264 570 3350 plane
593 3265 708 3330 ratione
730 3263 882 3350 singulus,
905 3285 978 3349 quas
996 3263 1124 3328 carmini
1142 3261 1258 3326 subesse

127 3379 294 3463 putabant,
325 3384 509 3464 exponerent
534 3379 700 3465 allegorias.
723 3420 765 3429 —
791 3382 897 3446 Verum
919 3380 1054 3464 quamvis
1077 3398 1217 3463 magnam
1242 3396 1257 3438 a

127 3493 239 3576 pietate
263 3492 381 3557 laudem
404 3491 543 3568 haberet,
567 3493 647 3577 quod
670 3515 774 3559 corum
797 3495 911 3579 optimo
934 3494 1044 3576 cuique
1071 3491 1257 3577 propositum

125 3610 211 3687 crat,
245 3607 328 3672 Sacri
352 3606 468 3671 Codicis
491 3606 633 3673 honorem
656 3608 763 3673 tuendi
786 3607 964 3682 consilium
997 3627 1059 3671 nou
1082 3603 1136 3669 tali
1158 3609 1255 3668 tamen

126 3721 239 3785 auxilio
263 3722 346 3786 illius
367 3722 487 3808 indiget
509 3743 630 3797 caussa,
659 3745 693 3787 ao
715 3724 805 3787 nimis
827 3723 981 3787 infirmum
1005 3719 1062 3784 hoc
1084 3719 1115 3783 ei
1137 3723 1258 3803 paratur

125 3835 319 3919 praesidium.
366 3837 468 3920 Neque
496 3837 576 3901 enim
609 3835 762 3922 probabile
785 3842 829 3901 est
851 3837 1041 3923 gravissimos
1062 3832 1131 3897 illos
1163 3830 1258 3897 futuri

125 3950 269 4034 temporis
301 3955 426 4015 cveutus
461 3956 550 4035 atque
584 3953 682 4017 exitus
713 3958 774 4016 tam
805 3951 954 4036 ambiguis
977 3972 1010 4013 ac
1032 3954 1095 4013 tam
1126 3945 1258 4011 obscuris

127 4063 219 4127 Deum
241 4065 479 4150 praesignificare
502 4065 630 4131 voluisse
652 4067 818 4153 imaginum
841 4064 1005 4131 involucris
1020 4068 1051 4127 ct
1068 4060 1255 4147 ambagibus,

92 4257 95 4263 .
126 4199 219 4262 quas,
249 4177 412 4263 Sibyllinae
434 4181 528 4245 instar
553 4180 758 4258 oraculorum,
785 4203 840 4265 pro
862 4200 917 4244 suo
940 4181 1069 4263 quisque
1092 4177 1256 4254 arbitratu,

126 4294 273 4378 pacifere
293 4294 374 4377 jure,
400 4295 432 4359 in
456 4317 666 4380 quamcunque
696 4295 787 4361 vellet
809 4300 922 4381 partem
947 4294 1080 4378 accipere
1104 4296 1257 4377 posset'ac

124 4408 306 4491 pertrahere.
356 4410 452 4484 Quam
490 4411 634 4478 immenso
669 4411 740 4477 hinc
773 4410 929 4477 intervallo
965 4415 1045 4474 certa
1080 4408 1193 4473 distant
1223 4427 1257 4471 ec
