2782 4958
228 316 290 380 iOb
375 358 378 362 -
720 341 875 385 mesenum

223 505 428 588 experientis,
452 504 526 581 nbi,
552 527 621 571 cum
645 508 838 575 Auditoribus
864 510 896 572 in
920 507 1069 594 Propheta
1092 511 1242 584 versatus,
1265 508 1337 595 buius

221 617 395 703 Interpretis
419 619 466 685 vel
486 619 561 686 bene
585 624 666 690 dicta
689 623 816 691 subinde
839 623 1007 703 laudabam,
1034 623 1083 690 vel
1109 646 1227 691 errores
1251 623 1338 690 buma-

221 737 300 802 niter
323 739 472 827 corrigere
496 739 642 818 conabar;
666 745 735 804 tum
757 738 924 805 honorifico
943 761 1038 825 nuper
1054 738 1338 821 confirmatumvidi,

222 852 303 935 quod
320 853 516 938 improvisum
537 855 614 921 mibi
637 855 756 933 accidit,
783 854 944 921 iiwaldii
964 853 1080 940 jndicio
1105 855 1162 938 (i).
1201 855 1261 920 utu
1275 853 1339 918 euin

221 971 296 1044 erat,
314 968 394 1051 quod
410 971 599 1054 gravissimas
620 992 690 1035 cum
712 971 919 1035 commentarii
938 973 1071 1037 Auctore
1093 968 1270 1034 inimicitias
1285 989 1339 1035 eun

221 1081 388 1147 exercuisse
399 1084 558 1151 novissem.
583 1084 636 1150 iiic
652 1084 806 1163 nimirum,
828 1106 856 1149 a.
878 1085 977 1160 1836,
990 1083 1184 1148 Eccleaimtis
1200 1104 1218 1147 a
1232 1104 1264 1147 sc
1274 1103 1340 1170 para·

218 1201 279 1261 tam
306 1196 586 1278 [ritcaoretatioucm
610 1221 664 1280 ac,
687 1199 828 1263 sexennio
856 1203 946 1284 post,
975 1196 1066 1282 bujus
1088 1198 1188 1283 ipsius
1207 1195 1278 1263 libri
1297 1197 1339 1262 Je-

218 1312 320 1375 aoi‘oni
351 1312 481 1399 priorem
506 1312 675 1399 publiotrat
698 1312 872 1377 editionem.
920 1313 985 1378 tam
1006 1332 1077 1377 vcro
1103 1311 1169 1377 noli
1193 1331 1338 1397 quaerere,

221 1446 310 1508 quarn
332 1426 534 1505 vehomenter,
560 1426 682 1513 publice
705 1426 845 1511 deinceps
867 1426 996 1511 proditis
1018 1426 1168 1507 censuris,
1191 1430 1338 1511 utrumque

219 1538 333 1606 librum
369 1542 532 1629 exagitarit
557 1540 765 1607 Eualdins
794 1562 828 1604 ao
856 1540 1077 1625 perstrinxerit.
1126 1537 1244 1607 Solitas
1274 1539 1338 1607 cuin

220 1653 382 1721 obsecutus
414 1657 601 1736 morositati,
626 1656 659 1719 in
691 1662 799 1720 neutro
826 1655 986 1739 quicquam
1008 1653 1065 1721 sibi
1096 1653 1338 1732 laudandum,in

220 1774 348 1855 utroque
371 1775 489 1836 tantum
526 1792 588 1835 non
612 1772 713 1836 omnia
735 1769 932 1856 vituperanda
961 1770 1092 1854 putavit.
1141 1771 1202 1835 Nec
1225 1790 1294 1835 vcro
1311 1773 1337 1832 ut

220 1882 409 1951 vehementer
433 1884 506 1950 adeo
525 1885 762 1951 Knobelium
785 1885 951 1951 adoriretur
970 1885 1093 1970 impune
1116 1885 1278 1952 commisit
1297 1883 1336 1947 llic

219 1997 300 2062 enim
326 1999 478 2085 integrum
506 1997 634 2082 aliquem
657 2019 785 2083 eumque
800 1998 871 2063 satis
891 1997 1047 2084 copiosum
1068 1999 1097 2062 ei
1119 1999 1257 2083 reposuit
1270 1995 1338 2063 libel·

219 2109 303 2187 lum,
327 2112 397 2191 cui,
431 2111 601 2177 Germanice
630 2112 758 2197 scripto,
790 2112 901 2176 mirum
930 2109 1011 2176 huuc
1040 2111 1112 2177 iecit
1138 2117 1193 2178 aut
1213 2111 1336 2177 festiuum

219 2224 363 2291 titulum:
394 2225 424 2289 V
421 2227 585 2290 ademeram
609 2226 797 2308 encyclicam,
817 2224 993 2292 Eualdio
1017 2225 1213 2304 destinatum,
1234 2227 1336 2316 Prosca

219 2340 281 2407 aori
316 2341 496 2425 Putinpeoai
518 2342 577 2424 (1).
626 2337 682 2405 ilbi
716 2362 778 2403 non
815 2340 848 2404 id
881 2339 980 2405 solum
1005 2341 1088 2429 agit.
1113 2346 1151 2405 nt
1176 2363 1251 2418 sua,
1278 2361 1337 2427 quac

220 2453 296 2536 disi,
314 2455 425 2539 scripta
445 2455 481 2520 ab
500 2453 674 2520 Adversarii
697 2454 981 2540 reprehensionibus
1002 2455 1143 2521 acerrime
1167 2460 1285 2521 tueatm
1301 2455 1338 2518 de

218 2568 390 2653 sentiatque.
424 2570 534 2634 Eidem
554 2570 635 2632 enim
658 2572 749 2654 operti
772 2567 873 2634 nullos
894 2591 955 2633 non
971 2567 1042 2634 buic
1064 2570 1121 2654 ipsi
1144 2568 1253 2654 objicit
1271 2590 1337 2634 erro-

218 2703 278 2760 res,
302 2681 386 2746 nulla
405 2705 466 2747 non
488 2683 607 2765 delicta,
636 2685 745 2748 fastum
768 2684 897 2747 maxime
919 2683 1150 2761 intolerabilem,
1171 2683 1336 2749 insolentem

218 2795 346 2860 aliorum
373 2799 549 2880 quorumvis
571 2805 765 2874 contemtum,
788 2800 880 2883 impie
898 2797 1035 2873 violatos,
1060 2820 1098 2862 ne
1117 2798 1205 2883 plura
1221 2802 1334 2874 afferam,

219 2912 379 2977 Gesenii
404 2934 515 2978 manes.
543 2955 582 2966 -
608 2915 712 2979 Postea
735 2935 811 2998 quae
830 2918 991 2997 utrumque
1015 2913 1094 2978 inter
1112 2913 1217 2978 Virum
1240 2914 1336 2978 doctis·

217 3026 327 3089 simum
352 3027 445 3093 factae
469 3028 530 3093 sint
551 3026 637 3105 lites,
656 3050 732 3112 quaa
751 3033 853 3093 secuta
871 3027 974 3114 jurgia
993 3028 1152 3111 rixaeque,
1175 3051 1239 3093 non
1260 3049 1336 3093 accu-

216 3146 280 3204 rate
302 3163 349 3205 me
371 3143 541 3206 meminisse
562 3143 656 3207 fateor
682 3164 739 3206 nec
761 3146 928 3207 annottsse.
967 3142 1077 3207 idacio
1098 3148 1187 3226 atque
1208 3143 1240 3208 id
1259 3142 1335 3217 mibi,

215 3304 368 3318 b...-

249 3407 286 3466 (1)
306 3405 336 3455 In
356 3402 445 3454 Jairrb.
463 3403 505 3454 der
524 3402 576 3454 biti.
600 3401 743 3454 Wissenseb.
762 3404 810 3455 vt.
833 3409 1008 3466 ists-1854,
1026 3422 1050 3471 p.
1071 3412 1217 3457 ror-los.
1231 3433 1264 3445 -
1276 3409 1337 3461 Pric-

216 3511 270 3551 rem
288 3498 425 3549 aditionem
443 3498 535 3547 aeriter
552 3497 614 3547 oiim
630 3498 784 3562 vitupertrat
801 3499 827 3546 in
847 3494 909 3547 Go'tt.
928 3495 981 3549 cut
998 3499 1063 3549 luz.
1079 3505 1153 3562 ista,
1170 3515 1195 3564 p.
1217 3506 1281 3552 tots
1292 3515 1339 3566 sqq.

251 3591 286 3653 (2)
305 3590 386 3657 Encp.
411 3589 506 3641 Variam.
521 3591 572 3654 fiir
589 3589 674 3639 Herm
692 3590 765 3655 Prof.
784 3591 845 3640 niv.
863 3592 888 3640 in
907 3590 1046 3659 Troiana,-
1064 3589 1175 3653 Giesscn,
1198 3600 1276 3655 1844,
1299 3599 1339 3644 144

216 3700 259 3751 pp.
291 3684 342 3746 Qui
358 3684 461 3735 libellus
482 3684 602 3733 universa
619 3684 691 3735 vaide
706 3684 850 3734 laudatura
864 3683 927 3734 Viro
945 3686 1105 3747 doctissimo,
1123 3686 1151 3735 in
1170 3686 1238 3738 ticol.
1256 3687 1340 3738 biorn

216 3775 287 3826 turbt
314 3794 335 3826 z.
354 3775 411 3839 clip.
439 3776 567 3839 (Damnst)
588 3776 622 3825 K.
640 3776 675 3827 Z.
696 3782 778 3834 1844,
797 3777 843 3827 N0.
865 3782 911 3826 124
930 3793 969 3842 sq.
989 3804 1021 3815 ·-
1042 3779 1079 3828 De
1105 3777 1272 3841 Ewaldio,
1298 3780 1340 3832 sibi

216 3870 290 3920 valde
308 3872 431 3934 placente,
448 3870 511 3920 alios
529 3870 605 3921 nimis
623 3878 809 3930 contemnente,
828 3869 1010 3920 Genesium
1029 3872 1152 3936 imprimis
1165 3875 1257 3940 iniqua
1273 3883 1340 3938 atque

215 3961 339 4027 injurioso
357 3971 498 4022 tractante,
519 3965 567 4013 Kn
577 3978 591 4013 c
602 3965 616 4013 b
627 3964 699 4014 elio
725 3964 799 4028 plene
817 3963 887 4012 hicce
911 3967 1016 4015 assentit
1036 3964 1143 4016 Censor.
1179 3969 1278 4033 Magna
1294 3982 1340 4020 csse

216 4058 286 4108 illius
303 4057 330 4107 in
350 4054 535 4106 Grautmcticam
552 4055 709 4117 Hebraiccm,
728 4057 827 4106 minora
845 4057 870 4105 in
892 4057 1027 4109 Librorum
1045 4075 1176 4111 sacrorum
1194 4063 1340 4127 interpreta-

215 4151 310 4202 tionem
333 4151 439 4215 probare
459 4156 578 4206 conatum
606 4151 635 4199 de
654 4150 713 4212 styli
731 4150 855 4213 imprimis
879 4149 1030 4201 obscuritate
1049 4166 1078 4201 ac
1096 4157 1213 4204 contorti.
1231 4157 1338 4213 ratione,

213 4258 264 4294 non
282 4244 375 4306 injuris
391 4258 462 4302 sano,
482 4244 563 4293 multa
581 4250 741 4307 conquestus.
761 4269 791 4278 —-
812 4240 895 4292 Meum
914 4244 1017 4308 quidem
1035 4260 1079 4294 non
1099 4254 1135 4295 ast
1157 4255 1238 4298 motis
1258 4263 1340 4312 compo·

213 4352 267 4387 nera
286 4351 330 4388 aur
344 4338 459 4400 judicare
477 4336 544 4399 11141,-
562 4352 591 4387 ac
611 4344 688 4386 latntes
708 4337 781 4386 doleo
807 4337 892 4386 animis
916 4336 1049 4388 coelestibus
1071 4339 1124 4388 iras
1146 4355 1211 4392 esse.
1248 4341 1338 4392 Verum

214 4431 282 4481 iectu
300 4434 404 4495 <lignum
424 4445 477 4483 csse
495 4432 671 4482 Knobclii
690 4430 804 4481 libellum
824 4437 894 4494 puto.
