2782 4958
718 260 869 305 NABBATIO

274 551 445 636 Ultimum¹
466 552 550 625 vitae
580 552 753 626 triennium
783 553 814 625 iu
844 553 936 627 triste
963 551 1043 628 illud
1070 555 1183 628 incidit
1212 568 1342 656 tempus,

225 699 307 773 quo,
326 674 440 748 callide
460 682 651 774 praeparata
673 701 711 749 ao
736 675 866 748 tandem
889 677 1044 752 audacter
1065 679 1241 752 constituta
1257 680 1346 752 baooe

224 799 256 869 in
280 799 389 871 Patria
408 801 516 897 Papae
539 800 675 872 Romani
696 800 907 888 nummata,
931 826 1032 898 purae
1054 801 1176 875 Christi
1196 801 1349 900 religionis

222 920 436 994 incolumitati
459 948 497 995 ao
519 923 650 1021 juribus
670 924 809 1021 pessima
832 949 984 1024 quaeque
1006 928 1093 1000 cives
1110 927 1348 1025 augurabantur

223 1028 452 1118 Protestantes.
504 1048 594 1134 Iam,
630 1060 759 1147 caetera
797 1061 832 1120 ut
866 1048 1008 1138 mittam,
1040 1048 1095 1121 illo
1130 1050 1203 1148 ipso
1231 1075 1347 1123 summo

222 1183 334 1242 nostro
353 1183 516 1268 tempore,
535 1168 775 1244 laudatissimae
792 1173 927 1244 Praeses
944 1171 1067 1245 electus
1082 1186 1132 1244 est
1154 1172 1255 1262 illius,
1272 1199 1343 1272 quae

221 1270 402 1366 Protectores
424 1294 540 1367 eximie
555 1276 699 1382 dicitur,
727 1295 907 1395 Sooo‘etotis,
933 1294 1099 1393 plurimos,
1114 1323 1174 1395 per
1198 1323 1296 1370 annos
1316 1297 1341 1371 id
1379 1300 1383 1313 ⁴

223 1417 367 1513 agentis,
394 1430 430 1489 ut
453 1416 526 1490 [idei
551 1418 661 1505 sociis,
683 1418 831 1515 agricolis
853 1418 1006 1507 maxime,
1028 1420 1197 1518 suppetias
1214 1420 1337 1509 terendo,

222 1565 283 1636 pro
306 1538 388 1612 virili
413 1555 504 1638 parte
529 1554 659 1614 caveret
685 1565 725 1613 ne
750 1541 818 1613 suis
845 1566 864 1613 a
889 1542 999 1615 lundis
1024 1543 1237 1640 abigerentur
1258 1557 1339 1644 atqua

223 1662 318 1758 agris,
342 1677 423 1736 neve
446 1663 587 1761 primum
610 1664 641 1735 in
659 1663 835 1737 brabantia
855 1665 1118 1763 Septentrionali,
1141 1680 1216 1765 post
1236 1668 1265 1742 in
1286 1667 1338 1741 aliis

221 1786 358 1876 Patriae,
381 1787 437 1859 ubi
454 1786 614 1860 Pontifioii
629 1769 873 1885 praevalebant,
893 1789 1090 1886 regionibus,
1105 1815 1220 1862 eorum
1241 1791 1340 1890 opibus

222 1936 261 1983 ac
281 1909 577 1983 machinationibus
598 1911 769 2007 Euangelii
796 1911 851 1984 lux
876 1937 914 1984 ao
941 1913 1083 2010 cognitio
1114 1914 1340 2012 planeexstin·

222 2049 388 2132 gneratur.
441 2033 561 2106 Adhuc
583 2033 713 2132 quidem
728 2033 912 2107 Praesidem
934 2034 1096 2109 babuerat
1111 2036 1195 2110 haec
1212 2037 1342 2111 Societas

221 2159 239 2228 J
248 2183 425 2231 oannem
450 2158 658 2243 Rossoha,
681 2158 794 2230 Virum
813 2158 987 2246 eximium,
1010 2158 1062 2230 cui
1089 2159 1230 2233 multum
1252 2161 1344 2234 bonae

221 2282 381 2370 Litterae,
412 2283 551 2355 multum
586 2294 771 2354 nostrorum
801 2265 956 2353 memoria
985 2284 1145 2371 Heroum,
1173 2283 1231 2356 sed
1264 2284 1345 2383 plura

222 2407 318 2479 etiam
338 2407 472 2479 forsitan
490 2386 708 2494 sanctissima,
732 2404 773 2477 de
796 2410 861 2503 qua
883 2404 1038 2492 dicimus,
1057 2406 1222 2504 religionis
1243 2431 1345 2481 caussa

222 2528 373 2601 debebat.
413 2529 474 2601 Hic
494 2554 571 2602 vero
594 2554 708 2629 quum,
734 2527 869 2601 adversa
893 2528 1242 2621 valetudineafflictus,
1258 2555 1344 2632 quen

223 2632 331 2724 adhuc
356 2654 485 2748 egregie
511 2652 613 2725 tuitus
635 2666 720 2739 erat,
749 2652 904 2726 honorem
934 2652 1186 2750 deprecaretur,
1211 2659 1343 2729 omnium

224 2774 459 2877 approbatione
480 2774 636 2848 suffectus
658 2775 701 2848 illi
723 2789 772 2848 est
793 2775 1096 2873 lloyaardsius.
1137 2778 1242 2875 Cujus
1259 2777 1343 2876 igitur

224 2899 301 2972 huic
331 2899 492 2973 Praesidis
517 2900 644 2974 muneri
670 2913 796 2988 ternas,
818 2898 940 2998 quibus
961 2899 1065 2973 tribus
1088 2899 1243 2999 deinceps
1263 2900 1342 2974 annis

224 3023 391 3120 generales
417 3024 586 3097 Sociorum
621 3023 749 3122 aperuit
782 3048 969 3112 consessus,
1005 3035 1157 3121 acceptas
1185 3024 1341 3098 referimus

224 3147 394 3220 orationes.
445 3150 554 3236 Quas,
581 3147 690 3219 adhuc
717 3146 848 3245 quidem
880 3146 1045 3218 Sodalium
1078 3147 1184 3219 solum
1214 3148 1246 3219 in
1275 3171 1340 3220 usus
1381 3174 1383 3253 j

224 3270 373 3357 emissas,
400 3269 605 3368 dignissimas
629 3270 803 3357 habemus,
831 3294 930 3368 quae,
958 3295 1059 3343 unum
1089 3270 1121 3342 in
1148 3271 1337 3345 Fasciculum
1381 3294 1383 3305 ·

224 3395 417 3491 conjunctae
447 3419 486 3466 ac
516 3373 647 3492 publice
670 3393 790 3479 editae,
822 3406 1025 3489 posterorum
1053 3395 1149 3466 etiam
1177 3394 1220 3468 ad
1242 3393 1337 3492 cogni·
1381 3382 1383 3387 ¹

224 3518 345 3591 tionem
374 3517 587 3616 perferantur.
638 3520 770 3603 Quanta
798 3517 881 3589 enim
914 3517 946 3588 in
977 3518 1014 3588 iis
1048 3517 1211 3590 Historiae
1240 3515 1336 3616 peritia

224 3640 312 3713 lucet
337 3666 376 3713 ao
400 3642 595 3714 monitorum
618 3641 804 3737 prudentia,
825 3652 951 3712 tantum
970 3639 1133 3714 dictorum
1160 3641 1287 3739 pondus
1303 3636 1335 3712 sl·

224 3763 328 3862 lulget
351 3790 389 3837 ac
415 3765 592 3853 δεινότης.
644 3766 739 3850 Quae
761 3763 875 3838 laudes
896 3763 955 3836 etsi
978 3763 1181 3862 singularum
1204 3763 1335 3864 propriae

230 3916 394 3928 ...----.

224 4018 255 4072 de
267 4024 512 4087 cmmept-ormeuwet
526 4034 576 4070 ocu
596 4021 677 4071 1851.
702 4015 900 4086 Kerkreptelrj'ke
914 4016 1032 4082 mentem
1043 4012 1111 4068 ibid.
1123 4016 1210 4069 1851.
1222 4044 1257 4054 -
1270 4005 1335 4077 Quot

223 4115 362 4187 reliquum
380 4123 433 4183 est,
454 4132 516 4170 curn
535 4115 579 4184 iis,
601 4133 672 4188 quae
691 4115 812 4171 breviter
831 4115 984 4186 attigimus,
1007 4113 1090 4169 conff.
1111 4114 1288 4183 Hoadelinqeo
1300 4122 1336 4163 oct

225 4217 255 4268 de
275 4232 301 4269 a.
323 4214 414 4268 Christ.
424 4215 524 4283 Synode
539 4217 583 4270 der
596 4215 677 4268 Hero.
694 4214 767 4268 Kerlo
780 4215 808 4266 io
823 4215 864 4268 het
879 4214 1008 4283 Konioqr.
1023 4215 1068 4268 der
1078 4213 1211 4283 Nederll„
1229 4232 1255 4268 a.
1270 4211 1335 4270 1848,

225 4329 254 4382 p.
278 4316 329 4366 125
350 4328 460 4383 sq.-a.
481 4317 562 4379 1844,
580 4331 609 4384 p.
631 4319 682 4368 152
700 4331 763 4386 sqq.
788 4333 817 4385 p.
839 4320 892 4369 292
911 4331 974 4386 sqq.
995 4332 1024 4387 p.
1043 4317 1097 4368 298
1118 4329 1247 4385 sqq-a.
1270 4309 1335 4369 lttb

225 4429 254 4484 p.
279 4417 310 4466 71
333 4430 395 4485 sqq.
417 4432 445 4486 p.
471 4419 520 4469 107
543 4430 606 4484 sqq.
