2782 4958
160 318 223 379 154
546 336 584 378 on
610 335 707 381 narse
732 335 896 380 oeconoma
925 308 928 314 ’

156 501 254 586 Cujus
283 500 452 584 exegeticaa
480 501 505 564 si
530 500 669 566 laudabat
698 501 839 578 Scholas,
871 511 903 567 at
933 505 1021 591 longe
1052 506 1220 592 impensius
1241 531 1288 575 eas

155 613 361 701 praedicabat,
391 613 502 699 quibus
532 617 679 681 rationem
714 638 748 680 ac
778 619 957 694 consilium,
990 641 1052 706 quo
1074 624 1108 687 in
1130 622 1287 690 Historiae

156 729 383 794 Ecclesiastioae
414 730 517 793 studio
549 731 730 795 versandum
754 739 850 808 esset,
876 734 988 801 diserte
1011 741 1101 821 atque
1124 744 1232 814 acute,
1254 743 1289 803 nt

155 842 293 923 solebat,
317 848 514 927 exponentem
538 843 625 907 illum
656 844 800 909 audierat.
847 850 949 930 Atque
972 847 1064 932 hujus
1087 849 1162 917 adeo
1186 853 1288 937 magui

155 959 300 1025 Doctoris
323 959 502 1023 auctoritate
533 959 716 1042 monitisque
740 960 853 1024 factum
877 967 942 1036 eat,
968 963 993 1027 ai
1017 963 1077 1027 fide
1100 964 1213 1050 dignos
1235 988 1288 1030 au·

154 1074 245 1147 diaria
267 1073 359 1158 hujus
381 1074 524 1157 temporis
546 1077 656 1149 testes,
679 1079 715 1138 ut
736 1074 772 1138 ad
795 1075 968 1141 historicam
990 1079 1205 1160 praecaeteris
1223 1101 1289 1143 nos·

153 1193 217 1255 trae
240 1187 416 1272 disciplinae
438 1193 552 1272 partem
569 1187 717 1251 indefesso
742 1189 843 1253 studio
865 1191 1114 1275 persequendam,
1139 1213 1197 1256 nec
1219 1168 1296 1258 vero·

153 1304 229 1385 criu
250 1302 360 1381 adhuc,
377 1302 428 1365 sed
452 1300 544 1386 longe
567 1301 686 1366 diverat
708 1303 837 1384 quddam
860 1306 974 1387 sutqne
996 1305 1126 1382 ratione,
1151 1306 1289 1371 ercolan-

154 1418 223 1482 dam
250 1417 410 1481 efficaciter
431 1415 637 1500 impelleretur
668 1416 792 1499 juvenis
821 1419 991 1503 ingenium.
1040 1417 1235 1503 Quamquam
1257 1420 1288 1484 io
1362 1482 1364 1492 ,

155 1553 220 1597 eam
242 1531 450 1615 potissimum,
472 1551 561 1613 quam
580 1535 683 1615 postea
700 1536 821 1595 secutus
838 1538 894 1613 eet,
915 1532 1086 1616 inquirendi
1106 1552 1141 1597 ac
1160 1533 1289 1599 docendi

154 1647 233 1711 viam
256 1667 310 1730 per
331 1665 416 1711 auam
439 1646 567 1709 maxime
589 1645 815 1710 institutionem
837 1646 999 1710 adductum
1024 1647 1063 1711 iri
1085 1646 1287 1732 discipulum,

153 1784 192 1827 ne
214 1762 278 1846 ipse
300 1761 422 1844 quidem
444 1765 523 1825 tunc
541 1761 684 1846 augurari
706 1765 825 1845 poterat
846 1760 1063 1846 Praeceptor(
1090 1761 1117 1846 ).

197 2097 329 2175 Verum,
352 2097 484 2180 ejusdem
505 2097 569 2180 jam
591 2098 662 2161 anni
688 2097 774 2160 1806
799 2117 899 2160 mense
922 2094 1102 2176 Novembri,
1129 2117 1290 2182 oppressae

154 2211 399 2298 aFrancogallis
430 2212 609 2276 Academiae
642 2210 767 2275 Halcnsi
790 2212 893 2295 cique,
927 2232 1016 2295 quem
1040 2212 1168 2275 caeteris
1189 2213 1291 2313 omui·

154 2326 212 2390 bus
232 2325 430 2411 praetulerat,
461 2326 544 2391 illiue
568 2327 716 2406 Ductori,
748 2327 846 2390 invito
869 2327 1008 2409 quamuis
1028 2326 1148 2402 auimo,
1175 2326 1290 2391 valedi-

153 2463 220 2507 cere
244 2443 365 2525 cogitur
388 2440 573 2506 Neander.
622 2441 706 2506 Hinc
715 2442 826 2534 ,igitur
850 2438 990 2516 abactus,
1012 2440 1142 2525 proximi
1162 2441 1290 2505 triennii

152 2557 297 2640 majorem
319 2559 525 2640 perparuam,
556 2554 706 2642 Graeciae
730 2556 885 2641 [inpactae
909 2556 1005 2633 civis,
1037 2556 1137 2621 Sacris
1159 2555 1290 2622 Litteris

152 2691 272 2753 operam
296 2669 366 2732 dare
388 2671 535 2752 perrexit,
553 2671 586 2733 in
609 2693 644 2735 ea
666 2671 814 2754 imprimis
829 2670 926 2735 ferret
941 2668 1118 2744 incumbens
1136 2670 1290 2735 industria

153 2786 242 2867 atque
258 2783 533 2866 assiduitate,quae
549 2783 702 2847 Ecclesiae
717 2805 785 2847 cum
803 2781 929 2848 historia
945 2790 1033 2867 atque
1049 2785 1099 2858 iis,
1115 2784 1168 2866 qui
1181 2783 1289 2847 dicun·

152 2905 214 2976 tur,
233 2896 375 2961 Patribus
395 2898 612 2981 antiquissimis
633 2899 793 2982 conjuncta
808 2904 903 2963 crant.
935 2900 972 2962 ln
988 2897 1036 2961 his
1051 2899 1131 2960 enim
1148 2896 1289 2982 legendis

153 3019 245 3095 atque
259 2990 455 3096 excerpendis
471 3017 503 3075 et
518 3012 582 3076 dies
598 3034 653 3076 nec
669 3034 754 3089 raro,
770 3013 909 3097 quamvis
921 3012 1042 3077 infirmo
1058 3013 1209 3076 renitente
1227 3030 1296 3076 cor·

156 3191 297 3202 ο-σσ-ψ--ι-

187 3311 225 3374 (1)
244 3311 299 3360 Hae
317 3311 344 3360 in
365 3312 510 3361 narratione
533 3327 594 3376 prae
616 3313 721 3361 caeteris
739 3318 840 3361 secutus
858 3326 928 3370 sum,
948 3327 1030 3374 aquo
1049 3321 1134 3359 tamen
1152 3311 1179 3359 in
1199 3309 1287 3373 paucis

151 3405 269 3463 discessi,
299 3402 328 3454 (t.
346 3402 378 3453 Κ.
396 3403 581 3467 Rhegium,
605 3404 790 3455 Ebersbachiae
815 3404 841 3452 in
868 3417 932 3468 agno
948 3400 1130 3466 Virtobergico
1153 3391 1286 3450 sacrorum

151 3495 313 3553 Autieritcma
327 3497 400 3560 cujus
411 3499 515 3547 omnino
534 3498 720 3548 consulendum
736 3496 887 3548 commando
902 3496 1033 3560 copiosam
1045 3504 1124 3559 atquc
1135 3504 1285 3544 accuratum

151 3590 397 3647 commentariolum,
416 3604 440 3652 q.
457 3589 493 3637 d:
512 3591 547 3639 A.
565 3589 597 3638 N.
616 3588 669 3639 Ein
686 3589 788 3655 Beitrcp
806 3605 836 3637 zu
853 3588 938 3638 acinam
952 3585 1121 3648 Lctcnets'tdc5
1140 3589 1166 3635 in
1186 3586 1284 3635 Ullm.

151 3700 174 3731 u.
193 3681 294 3732 Umbr.
311 3682 378 3732 theol.
395 3681 466 3732 sad.
486 3701 508 3732 c.
528 3681 595 3732 Krit.
614 3685 645 3732 ad
663 3700 687 3732 a.
708 3689 781 3731 1851.
800 3689 829 3742 2,
844 3699 870 3747 p.
886 3686 1031 3732 459-538.
1060 3678 1129 3729 Cum
1144 3679 1284 3743 Klingio

151 3776 272 3824 continuo
296 3776 441 3825 conferatur
466 3772 492 3823 J.
509 3775 542 3824 L.
560 3776 579 3824 J
585 3777 691 3833 acobi,
719 3774 791 3838 cujus
816 3776 919 3825 minime
941 3777 1056 3825 omnium
1075 3773 1229 3836 negligenda
1247 3780 1284 3821 est

151 3867 331 3917 commentatio
354 3866 421 3927 (Zur
442 3866 601 3933 Erinneranp
621 3885 654 3917 cn
670 3870 704 3918 A.
722 3865 783 3931 N.),
804 3871 829 3917 in
849 3868 1053 3926 Schneideri,
1079 3863 1197 3915 Deutacle
1214 3861 1283 3912 Zeit-

149 3960 273 4024 sclrrifls.
292 3959 381 4009 cdriatl.
404 3959 478 4010 Wias.
495 3961 620 4011 metrae.
640 3961 727 4021 Laden,
746 3963 777 4012 ed
795 3979 818 4011 a.
833 3968 906 4020 1851,
925 3960 974 4008 ΝΟ.
994 3965 1103 4009 20-22.
1141 3959 1197 4006 Alii
1214 3966 1284 4021 post·

149 4056 251 4103 modum
270 4052 451 4102 laudabuntur.

184 4144 259 4205 Quod
283 4145 410 4209 reliquum
432 4153 485 4206 est,
510 4163 591 4212 quae,
609 4152 750 4213 praeeunte
774 4151 926 4213 calingae,
941 4152 972 4198 de
990 4147 1023 4197 Α.
1042 4145 1075 4195 N·
1095 4147 1197 4205 monui,
1216 4146 1281 4200 alia»

149 4255 226 4305 quam
243 4254 307 4302 quae
319 4240 374 4303 ipsc
385 4222 560 4303 suspicabatur
577 4242 681 4302 Doctor,
707 4241 999 4293 Schleiermachcri
1023 4256 1056 4289 cx
1073 4238 1207 4301 disciplina
1218 4237 1284 4286 hau·

151 4333 230 4381 rientc
247 4345 277 4379 ac
294 4330 342 4380 sibi
359 4331 518 4388 vindicantc;
543 4334 605 4382 hacc
623 4334 701 4396 igitur
718 4349 782 4397 quac
805 4350 894 4397 supra,
913 4350 936 4396 p.
959 4338 1019 4391 101,
1039 4337 1105 4390 lca,
1120 4333 1150 4380 de
1168 4328 1239 4378 illiue
1255 4328 1282 4379 iu

149 4437 248 4470 omnem
267 4428 364 4482 partam
383 4405 500 4485 dispersis
520 4408 630 4476 diximus
648 4427 858 4491 disputationibus
876 4426 950 4488 plane
969 4424 1126 4473 contineant.
