2782 4958
217 903 304 968 Krit.
341 926 422 989 eaep.
453 905 657 970 Kommentar
685 905 759 970 rtier
787 907 844 972 das
873 906 960 973 Neue
997 906 1167 972 Testament
1203 929 1256 971 oon

201 1087 202 1092 ,
261 1018 392 1085 Heinr.
420 1020 516 1104 Aug.
551 1020 663 1085 Wilh.
698 1020 843 1106 Meyer,
868 1022 958 1089 Doct.
987 1025 1042 1088 aa
1069 1021 1174 1087 Tirsai.
1197 1006 1280 1086 etc.

260 1135 349 1198 vllr
363 1134 560 1218 Abtieitanp,
586 1136 645 1199 den
668 1135 769 1220 Brief
784 1160 825 1201 an
848 1138 899 1201 die
926 1135 1054 1202 Galoter
1068 1135 1254 1221 amfossand.

260 1249 371 1314 Zweite
393 1249 519 1314 ocriess.
547 1273 578 1312 a.
604 1251 769 1316 sermetrrte
792 1249 943 1338 Austaper
968 1249 1065 1318 Goctt.
1089 1251 1175 1314 1851
1195 1249 1254 1335 (1),

636 1421 734 1429 ——-—-

220 1533 305 1599 Krit.
317 1557 400 1620 saep.
416 1535 541 1599 Komm.
556 1535 696 1600 abertas
707 1533 754 1600 N.
773 1535 809 1599 Τ.
824 1557 879 1599 con
891 1532 932 1598 H.
945 1535 983 1598 A.
994 1532 1045 1597 W.
1059 1531 1187 1616 Meyer
1202 1536 1258 1596 etc.

263 1648 317 1713 Χιο
331 1649 423 1714 Αὐτὴ.
450 1651 514 1714 Die
539 1648 644 1735 Brisfe
666 1673 708 1714 an
731 1651 782 1715 die
813 1648 1061 1714 Thessaloniciier.
1085 1647 1261 1713 Bearbsitat

263 1784 320 1828 oon
343 1763 397 1827 D‘.
423 1761 602 1828 Gottlieb
624 1763 869 1838 Lunemsnm
899 1760 999 1830 Gom.
1027 1765 1125 1827 1850.

220 2051 365 2136 Epistola
387 2053 431 2116 ad
455 2047 598 2130 Galatas,
619 2051 835 2135 interpretante
855 2047 899 2111 H.
925 2048 966 2111 A.
992 2045 1045 2110 W.
1072 2045 1236 2129 Meyero.

220 2164 380 2251 Epistulae
407 2167 449 2230 ad
480 2166 770 2243 Thessalonicenses,
802 2165 1021 2248 interpretante
1050 2159 1260 2245 Theophila

267 2281 529 2346 Liinemenno.

627 2525 761 2545 “met-

174 2763 273 2826 Pauca
292 2759 366 2825 mihi
389 2763 471 2827 omui
492 2765 626 2844 tempore
648 2761 846 2823 innotuerunt
861 2780 950 2844 opera
966 2758 1131 2842 exegetica,
1149 2757 1260 2842 quibus

32 2870 35 2875 ’
130 2880 191 2939 tem
212 2874 341 2939 secunde
364 2872 509 2937 efflaverit
531 2874 669 2937 fortunae
692 2894 776 2949 eura,
801 2894 890 2957 quam
912 2873 1157 2947 Commentariis,
1183 2873 1257 2952 sive,

132 2989 157 3052 si
181 2989 259 3053 forte
282 2988 393 3065 mavis,
419 2985 566 3062 Scironis,
592 2984 702 3069 quibus
724 2985 806 3051 Novi
829 2985 972 3051 Foederis
991 2985 1088 3052 'libros
1109 2985 1261 3052 illustrare

130 3101 266 3166 instituit
288 3099 483 3183 Meyerus‚
509 3101 562 3184 qui
585 3100 666 3164 olim·
682 3100 809 3165 Hurstae
832 3123 925 3187 prope
946 3104 1140 3188 Goettingsm
1164 3125 1262 3167 secro-

131 3239 198 3282 rum
222 3216 359 3282 Antiates
382 3220 462 3295 erat,
485 3217 547 3300 jam
570 3217 603 3279 in
626 3217 712 3302 regni
736 3215 928 3281 Henuverani
952 3217 1109 3302 metropoli
1132 3218 1216 3304 Rspi
1241 3243 1262 3282 a

133 3331 388 3398 consistorialiter
407 3338 453 3394 est
467 3331 614 3407 consiliis,
639 3351 696 3394 nec
718 3329 863 3417 ignobilis
885 3331 998 3397 ibidem
1014 3333 1185 3398 dioeceseos
1199 3333 1261 3399 Sn-

130 3527 283 3535 ψ

167 3647 203 3709 (l)
222 3646 297 3707 Quod
312 3649 397 3711 priore
411 3648 467 3696 loco
484 3646 590 3710 hujusce
603 3645 662 3695 libri
679 3640 783 3695 titulum
797 3648 912 3711 apposui,
933 3645 1053 3710 temporis
1071 3643 1195 3693 rationem
1210 3659 1262 3693 non

133 3737 219 3797 habui,
240 3738 342 3802 quando
358 3738 559 3797 Liinemsnni
575 3751 639 3801 opus
656 3738 717 3787 estis
734 3738 778 3788 diu
794 3745 854 3789 ante
871 3738 947 3802 hujus
963 3737 1139 3787 commentarii
1156 3738 1262 3801 Meye-

132 3831 216 3879 rieni
237 3832 264 3880 in
284 3846 323 3895 ep.
340 3833 372 3881 sd
388 3828 492 3880 Galatas
509 3829 608 3880 aiteram
624 3829 753 3890 editionem,
769 3832 800 3881 de
817 3833 868 3896 qut
882 3846 963 3895 peuce
979 3831 1063 3879 dicere
1077 3829 1167 3892 juvat,
1185 3832 1261 3880 emis·

132 3938 188 3972 sum
203 3929 250 3973 est.
269 3923 317 3974 Sed
334 3925 381 3974 hcc
396 3925 517 3975 nimirum
529 3924 598 3974 illius
609 3925 708 3973 nomi‘ni
722 3925 834 3974 dandum
842 3924 981 3985 videbatur,
993 3923 1037 3986 qui
1048 3923 1166 3987 princeps
1181 3924 1260 3973 totius

133 4016 217 4079 operis
233 4024 322 4066 auctor
337 4024 383 4066 cst.

166 4106 300 4158 Caeterum
314 4109 356 4158 vix
374 4115 413 4160 est
429 4110 496 4172 quod
512 4123 628 4159 moneam
639 4110 670 4158 ab
682 4108 761 4172 ipsius
770 4105 838 4158 Nori
855 4104 996 4157 Testamenti
1011 4099 1261 4173 editioneprosectum

129 4215 185 4249 csse
199 4215 277 4264 opus,
294 4216 367 4265 quse,
384 4200 557 4267 Knappianam
575 4202 725 4267 plerumque
740 4206 826 4251 secute
844 4203 929 4252 textus
946 4201 1128 4261 recensionem,
1144 4202 1262 4251 inscribi·

128 4297 183 4340 tur:
202 4290 258 4341 Das
273 4289 312 4342 N.
332 4289 357 4341 Τ
357 4330 362 4343 .
388 4289 539 4352 Grieciiiscir,
557 4291 616 4341 nacti
635 4291 679 4342 den
701 4293 777 4343 hasten
795 4291 961 4358 Htlssmitteln
987 4292 1086 4345 teritisci
1104 4293 1204 4345 reoidirt
1220 4295 1263 4345 mit

121 4381 191 4431 einer
205 4397 275 4432 neuen
295 4383 424 4434 Deutsciien
445 4382 619 4450 Uebersetmmp
636 4392 684 4437 etc.
703 4381 778 4438 Gom
794 4391 868 4437 1829.
1140 4395 1142 4398 ’
