2782 4958
128 322 170 385 70
515 301 518 306 ’
616 338 773 382 ursnorurr

129 511 246 570 centem
263 506 418 570 eumfacit
432 506 597 592 Interpres,
612 506 719 590 quidni
734 508 880 571 continuo
892 508 1115 593 reposuissent:
1132 509 1264 575 »Reios

129 643 244 697 monem
269 621 355 706 atqui
377 622 423 684 Tu
447 642 642 707 nequaquam
663 623 813 707 ejusmodi
833 643 880 699 es,
909 623 994 708 cujus
1019 623 1108 687 nobis
1129 624 1264 688 indolem

129 736 301 822 informas,
337 734 414 799 Jesu
436 734 615 820 Legatnsl''
646 771 688 784 -
720 733 804 806 Quid
830 736 950 821 igitur?
1006 735 1093 808 Quae
1127 740 1264 824 proxime

128 851 281 937 praecedit
310 848 464 934 quaestio:
496 856 519 934 ἤ
549 850 635 935 ζητῶ
664 851 857 936 ἀνθρώποις
884 851 1058 936 ἅρίσκεικ,·
1092 851 1264 918 luculenter

129 966 235 1044 docet,
264 965 345 1050 quod
368 965 507 1048 seqnitur
537 962 672 1039 dictum,
702 964 793 1028 sicuti
816 964 906 1028 multi
928 964 1083 1041 fecerunt,
1112 965 1263 1052 interpre-

128 1079 253 1144 tandum
285 1099 366 1142 esse:
401 1078 460 1142 »Id
488 1078 514 1140 si
544 1077 642 1142 adhuc
673 1098 792 1163 agerem
827 1081 864 1142 ut
886 1076 1061 1143 bominibus
1092 1079 1263 1164 placerem,

129 1193 254 1259 Christo
282 1215 353 1258 sane
381 1191 561 1279 Apostolum
594 1213 643 1256 me
665 1213 726 1256 non
759 1192 926 1270 dedissem,
955 1213 1012 1257 nec
1041 1193 1081 1256 iis
1103 1215 1152 1257 me
1176 1193 1264 1258 melis

128 1314 219 1394 atque
241 1309 393 1374 aerumnis
414 1315 521 1393 sponte
543 1307 739 1393 objecissem,
764 1306 877 1393 quibus
897 1307 957 1372 hoe
978 1307 1116 1372 adeundo
1138 1330 1264 1374 munere

128 1447 178 1490 me
198 1425 368 1510 expositum
390 1424 430 1488 iri
450 1423 637 1487 novissem.''
682 1422 782 1495 Quam
812 1421 1104 1508 interpretationem,
1127 1426 1192 1508 qut
1212 1398 1262 1488 re·

128 1538 254 1625 pudiare
275 1536 358 1601 nulle
381 1536 638 1622 argumentationi
659 1534 805 1621 probandi
828 1536 875 1599 vis
904 1536 1088 1621 relinquitur
1111 1559 1168 1601 nec
1192 1559 1262 1604 ner·

14 1654 16 1659 ⁴
128 1671 195 1730 rus,
218 1651 291 1737 quid
307 1649 463 1738 fripidam
489 1655 576 1714 vocet
597 1648 763 1734 Paulloque
785 1650 942 1735 indignam
964 1651 1183 1716 solertissimus
1203 1651 1262 1719 Ex·

127 1767 275 1853 plicatur,
299 1765 433 1851 prolecto
466 1784 528 1829 nun
550 1760 650 1829 video.
699 1764 737 1829 Id
767 1785 864 1831 unum
894 1764 970 1829 mihi
1001 1766 1075 1829 satis
1107 1767 1259 1842 constitit,

127 1898 269 1968 perverso
285 1881 399 1944 factum
414 1898 488 1960 esse,
507 1879 645 1964 quamvis
665 1893 719 1964 per
733 1901 765 1943 se
780 1877 934 1957 laudabili,
955 1882 1125 1968 ἀκριβείας
1141 1880 1255 1962 studio,

128 2000 166 2061 ut
187 1995 308 2060 dicendi
332 1993 542 2080 compendium
557 2014 618 2057 non
641 1997 829 2079 agnosceret,
848 2014 908 2077 quo
923 1992 1064 2077 pleniori,
1087 2016 1165 2079 quae
1180 2016 1262 2080 prue-

130 2128 233 2196 gressu
255 2113 329 2190 erat,
355 2108 502 2173 locutioni
527 2112 613 2195 ζητῶ
637 2109 786 2195 ἀρέσκειν
809 2107 860 2172 hie
883 2108 1044 2191 respondet
1065 2110 1202 2195 ἀρέσκω.

174 2442 258 2510 Gal.
284 2445 311 2508 I.
334 2447 374 2509 18
395 2446 428 2508 in
448 2445 518 2508 fine.
547 2451 615 2512 Kal
640 2450 806 2532 ἐπόρθουν
829 2446 945 2529 αὐτήν.
995 2445 1099 2512 Verbo
1120 2458 1260 2536 πορθεῖν

126 2560 285 2636 wiardi,
319 2558 534 2643 depopulandi
555 2558 710 2623 notionem
732 2563 764 2622 et
784 2551 868 2623 alios'
888 2563 921 2624 ei
947 2558 1149 2626 Winerum
1180 2567 1263 2627 recte

127 2668 271 2735 tribuisse
294 2673 385 2755 atque
407 2692 444 2734 ex
466 2691 525 2734 usu
546 2669 692 2755 loquendi
713 2671 894 2754 vindictsse,
911 2673 1050 2758 equidem
1071 2680 1259 2761 putaveram.

128 2783 216 2856 Quos
238 2804 310 2849 vero
333 2785 447 2848 errtsse
469 2783 582 2848 diserte
604 2785 748 2864 affirmat,
779 2785 818 2851 de
840 2807 900 2871 quo
922 2787 1064 2870 dicimus,
1088 2787 1259 2875 Interpres‚

129 2899 281 2963 evertendi
303 2899 456 2962 notionem
479 2919 593 2984 urgens
614 2896 680 2972 ille.
703 2903 793 2982 atque
814 2900 906 2964 unice
927 2899 980 2980 hic
1001 2900 1103 2968 locum
1126 2905 1262 2968 invenire

129 3012 314 3078 contendens
339 3011 402 3098 (1).
450 3010 541 3086 Quod
562 3013 678 3097 ipsum,
707 3032 746 3077 ne
769 3012 863 3079 veluti
886 3014 993 3102 ferreo
1019 3017 1093 3100 quid
1116 3017 1197 3080 desit
1218 3018 1261 3082 ri·

127 3124 200 3212 pori
218 3127 430 3212 grammatico,
448 3126 485 3191 de
501 3136 608 3192 conatu
623 3127 803 3212 capiendum
817 3149 881 3192 esse
895 3128 984 3214 plarm
998 3135 1101 3215 negat.
1126 3131 1258 3210 Iccireo‚

126 3239 201 3305 haee
222 3241 249 3305 si
271 3246 354 3305 recte
376 3240 586 3327 disputantur,
608 3241 787 3307 alterutrum
811 3245 1005 3309 statuendum
1027 3248 1087 3319 est,
1119 3244 1164 3311 oet
1187 3245 1261 3311 falsa

129 3353 246 3421 dixisse
264 3354 422 3435 Paullum,
452 3356 517 3435 ecl,
545 3378 581 3421 eo
604 3358 791 3434 adversari03
821 3356 908 3443 plane
935 3358 1114 3423 exstinctam
1137 3380 1205 3422 esse
1228 3380 1263 3424 ac

128 3471 266 3537 funditus
288 3471 417 3536 deletam
439 3470 556 3536 Christi
578 3469 754 3537 Ecclesiam.
788 3471 913 3536 Adeone
928 3477 1026 3556 aptam
1041 3473 1262 3537 enarrationem

130 3583 276 3670 dicemus,
306 3603 383 3671 quae
411 3586 514 3670 inepta
534 3585 636 3650 dicere
666 3586 750 3671 cogit
772 3585 1027 3669 sapientissimum
1047 3605 1123 3661 ,sane
1145 3587 1261 3651 Aucto

129 3699 214 3763 rem?
238 3696 383 3764 -Idem
406 3720 434 3787 p.
459 3700 563 3765 eodem
585 3721 644 3766 usu
665 3701 745 3766 infra
767 3705 843 3766 sect.
870 3704 913 3769 23
934 3701 1081 3785 scriptum
1108 3704 1216 3766 exstat

174 4034 289 4100 eodem
304 4034 451 4113 hocloco,
473 4034 545 4102 Gal.
572 4036 602 4103 Ι.
629 4042 688 4114 23,
709 4039 813 4104 etalio
830 4037 1096 4123 scriptulegimus,
1123 4045 1156 4100 et
1173 4035 1259 4100 haec:
1298 4007 1301 4012 Ι

129 4150 205 4220 ‘'Orc
225 4155 244 4217 ὁ
267 4151 394 4219 διώκων
417 4186 461 4201 ·-
480 4187 525 4201 -·
546 4160 606 4237 τὴν
631 4158 753 4222 πίστιν.
799 4153 863 4217 Ubi
885 4159 936 4221 ὅτι
961 4154 1093 4218 directae
1115 4149 1264 4214 orationis

130 4308 278 4319 -ο-η--ς

165 4401 201 4464 (ι)
221 4401 370 4454 Germanice
387 4420 440 4456 non
456 4411 584 4466 ocrsmren,
603 4407 647 4457 sed
660 4411 786 4455 earsterea
