2782 4958
505 335 546 380 us
569 335 672 379 arenis
694 336 892 381 estimoniis.
1204 322 1267 387 105

115 501 355 590 Dcpmcta'cen,
387 504 420 568 in
443 502 598 570 absolutae
624 504 845 588 dependendae
869 525 957 570 asnaa
979 504 1146 586 fundatam
1178 527 1269 593 quam

107 619 369 701 Rationclbma',
401 620 451 685 oui
483 617 602 685 favebat
631 618 731 684 Seculi
764 617 889 701 levitas,
925 620 1066 685 audaciae
1091 623 1268 708 repagulum

101 735 272 818 posuisse
295 739 384 818 atque
407 732 523 798 obicem
547 733 796 812 efficacissimum,
822 735 932 820 passim
955 756 1011 801 nec
1039 735 1128 820 plane
1155 736 1269 820 injuris
1356 718 1359 722 i

101 852 311 914 statuerunt
332 848 398 932 ejus
419 847 600 912 laudatores.

169 1184 269 1249 Talia
296 1185 394 1270 igitur
423 1186 533 1251 iterum
564 1186 737 1269 iterumque
767 1185 1034 1250 commonefaciens
1068 1191 1101 1251 at
1136 1184 1273 1253 indubiis

103 1297 319 1362 confirmans
340 1317 441 1363 rerum
464 1299 659 1376 testimoniis,
685 1319 790 1363 cavere
814 1303 938 1363 conatus
960 1319 1039 1376 sum,
1058 1321 1108 1378 ne,
1131 1300 1182 1366 cui
1198 1300 1272 1365 falso

102 1410 269 1476 tributas
291 1411 435 1497 denegari
457 1411 561 1476 laudes
583 1411 736 1493 audirent,
762 1411 833 1476 huic
856 1434 942 1476 veras
964 1413 1119 1498 impertire
1142 1412 1273 1480 debitas-

107 1547 191 1610 que
227 1525 407 1603 dubitarent
424 1526 679 1592 .Oommilitcnes.
728 1526 797 1592 Jam
829 1548 900 1591 vero
932 1548 1007 1613 quae
1038 1531 1211 1594 memoratis
1239 1531 1273 1595 iu

117 1640 344 1706 Orationibus
372 1639 541 1726 improbare
564 1639 673 1718 debui,
703 1661 759 1705 nae
789 1640 973 1726 improbdssa
995 1664 1043 1707 me
1065 1643 1217 1729 poenitat,
1240 1664 1275 1709 ea

113 1754 162 1818 in
190 1759 366 1840 spretorum
388 1756 535 1820 Auctoris
557 1756 734 1820 meritorum
757 1756 956 1841 suspicionem
981 1757 1097 1824 diutius
1120 1781 1168 1824 me
1182 1759 1275 1825 addu-

117 1891 206 1935 cere
228 1869 328 1934 nolui.
354 1868 505 1942 Quocirca
520 1871 618 1954 primd
637 1869 706 1946 hdo,
729 1890 818 1956 quam
834 1870 910 1935 mihi
934 1892 1105 1936 concessam
1123 1873 1273 1952 ridebam,

122 1982 368 2069 opportunitate
397 2002 481 2062 usus,
516 2004 577 2062 aas,
610 2004 736 2069 quarum
766 1985 994 2069 inscriptionem
1024 2007 1113 2070 supra
1135 1990 1274 2072 reposni,

124 2097 522 2163 Schleiermacheri'
547 2099 763 2186 Gasaiique
796 2100 937 2184 epistolas
952 2144 957 2156 .
973 2103 1097 2186 cognitu
1136 2103 1276 2187 lectuque
1298 2152 1306 2163 ,

128 2213 339 2299 dignissimas
368 2216 400 2275 et
421 2213 543 2298 utrique
573 2214 715 2278 universa
744 2215 924 2280 honorificas
949 2236 982 2278 se
1005 2215 1080 2280 mihi
1113 2216 1273 2301 probasse,

124 2326 261 2412 publice
283 2326 507 2392 testificandum
532 2328 618 2394 duxi.
668 2329 759 2400 Quod
791 2330 912 2415 quidem
935 2330 1064 2415 nequis
1088 2328 1276 2393 aliorumex

130 2443 312 2508 imitatione
335 2444 471 2507 munisse
504 2440 663 2520 consilium
686 2444 846 2528 opinetur;
880 2443 993 2509 nullam
1028 2442 1127 2506 adbuc
1157 2441 1277 2527 publice

131 2558 293 2644 proditam
315 2579 364 2620 me
386 2557 564 2642 cognovisse
587 2557 664 2621 sciat
686 2556 812 2642 hujusce
835 2557 906 2622 libri
930 2577 1096 2621 censuram.

186 2672 375 2757 Bipertitum
404 2671 502 2757 igitur
531 2670 589 2734 hoc
619 2669 708 2735 nobis
739 2677 786 2735 est
815 2671 1008 2757 opusculum.
1056 2671 1152 2755 (lajas
1178 2670 1278 2754 priore

133 2786 296 2854 Parteea
321 2788 506 2866 continetur,
531 2806 621 2869 quam
637 2789 725 2850 vocat
746 2788 875 2868 Auctor,
889 2786 1062 2873 praefatio,¹
1084 2808 1173 2872 quam
1192 2806 1276 2862 vero,

138 2903 208 2968 ulla
229 2902 295 2966 sine
314 2902 488 2987 jactationis
510 2900 622 2984 specie,
658 2892 825 2965 introitum
855 2903 888 2966 iu
912 2902 1064 2988 epistolas,
1097 2921 1172 2986 quas
1194 2899 1280 2965 evul-

143 3037 217 3102 gare
239 3015 374 3100 parabat,
399 3016 500 3080 dicere
521 3019 673 3099 potuerat.
721 3016 779 3080 Sed
802 3025 956 3101 manuque
972 3023 1097 3081 vocetur
1119 3016 1281 3100 praemissa

143 3128 219 3193 haec
242 3151 259 3193 a
282 3129 427 3194 Gaszio
459 3128 540 3192 Filio
571 3129 748 3215 disputatioa
784 3131 931 3215 ejusmodi
963 3136 1010 3194 est
1041 3152 1087 3211 ea,
1123 3151 1200 3214 quae
1233 3134 1281 3194 me

146 3249 228 3308 certe
261 3243 409 3327 Scriptori
444 3243 660 3308 conciliaverit.
719 3244 775 3307 Est
809 3246 890 3309 enim
924 3247 1096 3329 perspicue,
1125 3244 1279 3318 modeste,

146 3359 300 3424 moderate
329 3359 455 3444 scripta,
488 3380 544 3422 nec
558 3360 711 3444 majorem
735 3381 752 3423 a
773 3358 920 3435 candore,
949 3378 1039 3442 quam
1072 3379 1089 3421 a
1121 3356 1282 3441 prudente

148 3473 438 3539 commendationem
458 3472 561 3551 habet,
587 3494 701 3558 suoque
720 3473 757 3537 de
776 3471 902 3537 oonsilio
924 3492 957 3535 re
975 3473 1093 3536 minora
1115 3471 1278 3556 promittit.

148 3590 195 3654 Da
217 3590 309 3656 Patre
333 3588 409 3652 dicit
431 3595 577 3666 amanter,
603 3593 639 3653 ut
661 3587 776 3652 Filium
803 3584 938 3650 decebat.
987 3586 1055 3651 Nec
1077 3590 1176 3648 tamen
1194 3585 1282 3670 iuge·

148 3705 192 3769 nii
215 3704 429 3788 doctrinaeque
452 3702 576 3770 dotibus
592 3704 736 3788 imparem
752 3702 861 3766 Amico
884 3721 954 3764 eum
969 3700 1061 3763 fuisse
1084 3697 1283 3763 Schleier⁴

149 3817 332 3884 machsro
355 3816 536 3884 dissimulat.
585 3816 691 3906 Hujus
717 3814 851 3901 quidem,
885 3820 922 3891 ut
947 3835 1000 3898 par
1023 3819 1101 3886 erat,
1134 3810 1283 3899 magnitu-

150 3931 249 3995 dinem
273 3930 446 3994 admiratur.
500 3931 569 3995 Neo
598 3935 697 3994 tamen
727 3930 847 4012 ineptos
877 3927 947 3993 illos
975 3929 1114 3992 imitatur
1147 3928 1283 4013 Mcpna',

150 4066 237 4130 quem
256 4045 396 4110 nonnulli
415 4049 534 4124 vocant,
556 4045 626 4109 Viri
650 4043 797 4130 Defuncta‘
812 4044 993 4122 laudatores,
1012 4064 1141 4129 quorum
1159 4042 1284 4129 grandis

152 4162 246 4226 oratio
269 4165 301 4226 et
324 4165 505 4248 exaggerata
527 4160 659 4225 nimium
683 4158 813 4224 dicendo
836 4158 916 4225 cidit
938 4158 1025 4225 dicit.
