2782 4958
607 370 784 414 runouoors.
1202 349 1262 408 125

81 550 223 612 tionis
247 552 442 612 monumenta
464 544 631 633 celebrata3
659 543 713 606 hos
736 543 832 626 igitur
855 541 898 603 ita
921 536 1088 623 ignobilem
1104 538 1264 621 oppetiisse

75 669 257 727 mortem
281 661 493 745 comperimus,
511 659 609 742 quasi,
635 656 715 741 quod
738 654 921 738 'theologiae
945 653 978 714 in
1001 651 1130 714 historit
1153 671 1264 713 memo·

71 782 197 842 ratu
227 776 355 860 dignum
385 779 486 851 esset,
520 772 598 836 nihil
628 772 676 835 vel
706 771 847 834 fecissent
875 788 1008 851 uuquam
1040 763 1087 829 vel
1108 765 1142 829 in
1164 764 1264 828 lucem

69 890 307 955 edidissent.
357 888 447 961 Quod
471 887 617 972 ejusmodi
643 891 722 962 erat,
745 889 782 948 ut
805 883 952 947 diversam
975 881 1054 945 hanc
1077 900 1193 953 eorum,
1217 876 1265 943 vel

68 1005 300 1069 viventium
323 1003 371 1067 vel
394 1007 595 1080 mortuorum,
616 1005 726 1065 sortem
747 999 894 1084 cogitanti
916 996 990 1061 mihi
1008 999 1115 1080 sponte
1134 992 1265 1058 Horatii

70 1136 236 1184 versus
258 1121 292 1183 in
316 1123 447 1182 mentem
475 1117 627 1182 redirent:

300 1347 436 1412 »Vicera
450 1345 545 1431 fortas
570 1376 717 1391 —--
762 1378 907 1389 ----

335 1460 451 1526 »Malu
461 1486 472 1536 ;
494 1462 549 1525 aad
570 1481 670 1524 omnes
693 1457 924 1523 illacrimobe'les

379 1574 575 1663 »Urpueotur
596 1575 749 1661 ipuotiqua
772 1571 863 1656 lanpct

427 1689 564 1766 ·Noau‚
590 1699 692 1755 eareat
714 1689 787 1774 quia
809 1697 875 1750 cate
898 1705 985 1750 sacro
1009 1684 1095 1768 (·l),”

181 1916 217 1983 Id
241 1925 305 1997 est,
329 1924 365 1983 ut
387 1923 519 1983 nostram
542 1917 576 1980 in
598 1938 661 1981 rem
684 1916 795 1981 Poetae
817 1915 932 1980 dictum
956 1918 1176 1988 convertamus,
1194 1914 1267 1997 quia

107 2015 288 2097 laudatore
309 2034 526 2113 destituuntur,
554 2031 604 2096 cui
625 2031 759 2114 ipsorum
781 2050 828 2094 res
848 2033 947 2113 gestas
965 2025 1119 2109 librosque
1139 2024 1176 2089 ab
1192 2024 1267 2090 obli·

117 2145 223 2209 viane
246 2145 420 2209 vindicandi
442 2166 511 2209 cum
529 2145 684 2209 voluntate
704 2145 745 2207 sit
763 2143 899 2206 facultas.
944 2140 1008 2206 Gur
1026 2145 1125 2204 autem
1144 2139 1267 2204 laudum

119 2273 258 2325 &uarum
282 2261 517 2344 meritorumque
539 2259 742 2344 praedicatore
761 2259 785 2321 ii
808 2259 897 2320 etiam
921 2257 979 2341 ipsi
1003 2260 1117 2331 carent,
1138 2275 1267 2338 qnorum

121 2365 239 2439 landes
269 2379 338 2438 aute
369 2373 426 2438 hoc
458 2395 553 2438 unum
582 2371 769 2455 alterumque
793 2371 973 2434 decennium
996 2389 1150 2452 nunquam
1171 2369 1267 2431 inter·

123 2490 301 2554 moriturae
323 2487 527 2554 videbantur?
573 2487 698 2571 Aliquid
722 2487 787 2549 sine
810 2483 921 2558 dubio,
943 2483 1073 2547 fatemur
1095 2484 1188 2559 enim,
1217 2481 1268 2547 hle

121 2602 325 2688 nuperrimae
347 2622 447 2666 rerum
471 2599 606 2665 civilium
630 2621 664 2664 ac
687 2619 839 2663 sacrarum
855 2596 1075 2682 perturbationi
1095 2619 1129 2661 ae
1145 2616 1269 2662 conver·
1332 2628 1335 2634 ·

124 2715 275 2781 sionibus
305 2714 500 2781 tribuendum
531 2721 595 2794 est,
625 2735 702 2799 quae
724 2713 810 2797 plene
832 2717 994 2797 occupatos
1016 2717 1181 2776 tenuerunt
1202 2731 1269 2775 sus·

122 2821 304 2916 pensosque
326 2830 491 2895 multorum
515 2830 642 2893 animos.
690 2828 826 2900 Quarum
850 2829 947 2914 igitur
970 2829 1199 2894 conversionum
1222 2847 1269 2891 ra·

122 2944 206 3029 pido
230 2964 333 3021 cursu,
358 2942 454 3008 veluti
477 2943 631 3008 machinae
654 2941 801 3008 athmieae
823 2944 854 3006 ri
877 2943 1017 3028 qutdam,
1042 2941 1193 3027 propulsis
1215 2940 1269 3005 ho·

124 3057 271 3124 minibus
284 3062 473 3125 mortuorum
489 3079 592 3123 manes
607 3057 756 3122 salutandi
772 3058 975 3142 tranquillitas
990 3058 1091 3123 deerat
1106 3064 1138 3122 et
1157 3058 1267 3122 otium.

126 3172 255 3238 Verum
284 3171 343 3237 hoc
372 3173 410 3237 ad
438 3194 541 3237 omnes
570 3173 683 3257 p'ariter
712 3171 900 3257 pertinebat,
930 3174 984 3257 qui
1012 3194 1108 3258 nuper
1135 3172 1270 3237 defuncti

130 3291 241 3363 erant,
267 3285 409 3351 clariores
430 3285 613 3371 Theologos;
640 3307 696 3350 nee
718 3287 854 3352 omnium
877 3292 978 3351 tamen
1001 3288 1080 3352 vitae
1100 3285 1269 3351 describen-

135 3400 192 3464 dae
214 3398 365 3484 rebusque
395 3400 559 3466 referendis
581 3398 735 3464 obstacula
758 3402 871 3484 posuit.
911 3399 995 3471 Quid
1018 3399 1139 3485 igitur?
1181 3399 1212 3462 Τ
1208 3421 1269 3464 em-

133 3537 208 3600 pus,
233 3515 351 3579 varium
374 3519 405 3578 et
427 3512 571 3578 mutabile
594 3535 721 3598 semper,
750 3515 853 3578 laudes
875 3515 953 3598 parit
977 3535 1010 3576 ac
1034 3514 1159 3590 confert,
1182 3515 1269 3577 Tem·

138 3651 198 3713 pua
227 3629 335 3693 adimit
365 3633 397 3692 et
425 3629 533 3692 aufert.
595 3628 773 3694 Itdhrius
811 3629 891 3692 euim
926 3633 957 3692 et
990 3626 1271 3713 Wegscheide·

143 3764 225 3818 rus,
261 3748 297 3807 ut
326 3742 434 3808 horum
456 3742 592 3827 exemplo
615 3748 756 3819 utamur,
788 3744 814 3806 si
837 3745 873 3806 et
895 3744 960 3826 ipsd
980 3746 1157 3826 tempestate
1179 3739 1271 3807 robus

143 3854 280 3921 humanis
311 3859 406 3942 erepti
429 3862 540 3937 essent,
571 3860 632 3941 qut
654 3879 763 3943 magno
786 3858 884 3922 adhuc
906 3856 1019 3921 h'onore
1053 3878 1157 3921 eorum
1180 3857 1271 3922 flore·

145 3966 193 4032 bat
214 3969 372 4046 doetrina;
405 3970 499 4036 nolite
526 3989 668 4055 quaerere
694 3969 835 4054 qualibus
857 3976 887 4034 et
909 3991 999 4056 quam
1022 3971 1196 4036 honorificis
1217 3994 1271 4036 ex·

149 4084 254 4168 seqniis
276 4085 436 4170 utriusque
455 4084 547 4149 funus
566 4084 760 4149 admiratores
776 4086 963 4169 prosecuturi
983 4085 1111 4150 fuissent
1129 4084 1270 4171 permulti

154 4287 287 4303 ’.ι-ιιι·-

183 4450 217 4512 (1)
234 4450 337 4503 Horatii
353 4451 454 4504 Comum
472 4456 522 4506 1v.
544 4461 565 4504 9.
586 4461 703 4516 25ψῖ9,
725 4470 758 4506 ex
775 4455 814 4507 ed.
833 4456 1013 4521 Deeringii,
