2782 4958
228 369 270 430 98
715 384 869 428 ursaceus

229 551 410 620 attendimus
432 575 466 618 ae
488 555 611 620 Jesci‘ae
640 553 815 639 singulatim
839 555 1036 639 interpretes,
1069 555 1199 620 aliorum
1226 557 1260 621 iu
1281 579 1349 624 com·

228 670 382 735 mortariis
402 671 621 753 pascuaticum
644 669 811 754 praevalere
834 671 980 734 rationem
1004 670 1152 748 videmus,
1172 671 1239 736 aliis
1256 674 1351 738 theela-

226 787 334 872 pe'cnm,
358 806 447 870 quam
469 790 590 861 vocant,
614 783 807 870 praeplacere.
844 785 907 850 Illi
928 786 959 849 id
983 786 1174 871 potissimum
1198 791 1293 872 agunt
1312 793 1349 864 ut,

229 921 291 985 quo
305 902 435 966 maximo
452 901 572 984 possint
587 900 725 964 acumine
743 921 777 964 ac
794 898 973 981 subtilitate,
995 898 1154 964 verborum
1175 899 1352 985 singulorum

229 1020 319 1099 atque
342 1016 567 1080 enuntiatorum
590 1015 653 1079 vim
675 1014 822 1078 definiant
843 1018 874 1078 et
896 1017 1081 1098 potestatem.
1107 1015 1176 1090 cac
1192 1015 1225 1078 iu
1241 1034 1285 1091 re,
1305 1034 1352 1099 qun

230 1128 352 1216 longius
374 1129 422 1194 vel
445 1129 625 1194 levissimam
656 1152 672 1193 a
703 1150 734 1193 se
763 1133 936 1194 removeant
968 1130 1174 1217 ἱτεροδοξίας
1207 1130 1353 1214 engeren

227 1245 449 1330 suspicionem,
482 1243 518 1307 ed
540 1265 575 1307 ea
595 1244 702 1319 etiam,
737 1244 775 1307 de
798 1242 908 1326 quibus
931 1264 969 1306 ne
998 1244 1058 1308 tiro
1080 1243 1207 1327 quidem
1230 1242 1350 1322 dubitet,

229 1357 380 1444 probanda
404 1358 561 1423 Geseuii
584 1363 637 1422 ant
660 1356 824 1423 llwaldii
848 1359 894 1441 (l)
918 1356 978 1433 vel,
1005 1356 1059 1422 ubi
1078 1358 1115 1422 de
1135 1359 1171 1422 N.
1195 1360 1230 1423 Τ.
1253 1360 1350 1446 agliur,

230 1473 384 1537 Wiueri
404 1473 631 1537 Grammatieane
651 1477 741 1536 testes
759 1493 794 1536 ac
812 1471 946 1535 vindices
965 1470 1113 1556 appellare
1133 1471 1242 1539 solent.
1267 1473 1349 1539 Laudo

230 1609 300 1651 saue
322 1587 494 1672 proboque:
520 1589 593 1653 dnm
617 1589 706 1653 modo
729 1587 858 1673 priorem
882 1587 973 1650 feriam
996 1592 1027 1651 et
1049 1589 1253 1672 antiquiorem
1279 1610 1349 1654 usum

232 1701 374 1785 loquendi
405 1705 616 1778 meminerint,
647 1723 737 1786 quam
764 1702 1029 1766 Grammaticorum
1062 1701 1200 1785 deemta,
1236 1702 1348 1788 adeoque

232 1815 304 1880 haec
324 1817 392 1893 illi,
411 1837 473 1881 uon
491 1816 579 1880 illum
599 1818 647 1881 hia
665 1817 770 1880 cedere
788 1815 895 1881 debere
916 1821 1006 1900 atque
1024 1815 1158 1881 obedire.
1185 1818 1246 1882 Nec
1263 1838 1347 1901 quem·
1385 1792 1387 1799 Ι

231 1952 322 2014 quam
345 1931 564 2017 improbantem
589 1929 741 1995 habebunt
762 1931 989 2015 prudentiorem
1012 1929 1173 2012 arhitnrm,
1197 1931 1347 1996 aiseieutcr

231 2051 380 2130 cauteque
402 2047 578 2130 adjutricem
613 2045 787 2111 advoctrint
817 2045 1009 2121 Historiam
1040 2046 1106 2108 sine
1138 2045 1228 2130 eujus
1257 2042 1346 2108 aurilc

231 2181 318 2246 saepe
337 2162 373 2225 fit
388 2165 424 2225 nt
442 2182 496 2225 sno
517 2181 640 2224 munere
657 2160 798 2245 perfungi
814 2165 943 2243 nequeat
965 2181 1033 2238 nec,
1052 2159 1143 2223 sicuti
1160 2180 1217 2245 per
1233 2165 1302 2237 erat,
1314 2156 1347 2222 lc·

229 2296 336 2341 corum
356 2277 388 2341 S.
408 2276 440 2340 C.
460 2276 636 2340 seutentiam
658 2275 807 2360 explicare
826 2275 1018 2361 grammatica
1033 2274 1258 2360 interpretatio.
1288 2272 1345 2350 Quo·

229 2390 309 2454 circa
330 2390 364 2453 iu
386 2390 556 2475 praecipuis
575 2390 793 2464 commentarii,
816 2390 853 2453 de
874 2410 933 2473 quo
957 2389 1085 2474 agimus,
1106 2386 1164 2452 hoc
1185 2385 1346 2452 censendum

230 2509 276 2567 est
292 2504 420 2579 meritis,
441 2504 534 2586 quod,
557 2503 715 2567 Historiam
733 2503 840 2566 ducem
861 2507 995 2578 secutus,
1016 2524 1093 2587 quae
1111 2523 1185 2566 cum
1203 2500 1346 2589 Prophetae

229 2618 382 2681 vaticiniis
409 2618 627 2702 quodammodo
658 2617 796 2703 copulata
825 2617 1014 2696 videbantur,
1047 2624 1238 2702 temporum,
1268 2635 1346 2683 rerum

231 2736 382 2815 gestarum
405 2737 494 2815 atque
516 2737 680 2797 eventuum
703 2733 843 2817 adjuncta
865 2732 1036 2817 frequenter
1055 2739 1203 2799 memorat
1222 2738 1304 2818 atque
1319 2729 1346 2795 sd

231 2844 284 2909 illa
306 2845 428 2911 adhibet
450 2847 637 2912 illustranda.
686 2848 753 2923 Qus
776 2850 809 2912 in
832 2870 863 2912 re
885 2869 948 2912 non
970 2869 1035 2912 raro
1059 2849 1217 2934 ingeniose
1242 2869 1306 2914 eum
1323 2866 1347 2910 ac
1384 2864 1387 2905 r

232 2959 318 3024 docte
341 2965 490 3025 versatum
514 2984 586 3044 esse,
609 2964 732 3045 iniquus
753 2965 793 3026 sit
816 2962 868 3046 qui
885 2966 983 3048 neget.
1022 2964 1062 3026 hc
1082 2963 1107 3026 si
1127 2963 1348 3047 quemdominus

232 3071 348 3137 felicem
371 3073 476 3138 habuit
498 3077 614 3140 exitum
637 3083 773 3157 conatus,
803 3077 883 3160 quod
906 3075 1034 3141 subinde
1058 3077 1171 3141 factum
1194 3099 1262 3141 esse
1281 3073 1350 3140 multi

230 3184 308 3253 mihi
330 3191 493 3254 assentient
515 3190 659 3268 lectores,
688 3189 836 3255 laudanda
863 3195 962 3255 tamen
985 3190 1074 3256 nobis
1096 3191 1238 3256 voluntas
1260 3191 1311 3256 erit
1327 3193 1350 3252 et

232 3325 368 3369 acumen.
394 3307 491 3388 Certe,
509 3309 563 3391 qui
588 3307 737 3372 historicis
758 3308 905 3392 imprimis
926 3308 965 3371 de
988 3306 1138 3391 adjunctis
1157 3306 1312 3394 diligenter
1325 3324 1348 3368 se

229 3427 368 3484 acturum
389 3442 464 3497 essa,
489 3423 523 3485 iu
546 3423 727 3506 praelatione
749 3428 900 3507 receperat
918 3423 1040 3499 Auctor,
1063 3422 1188 3486 minime
1207 3442 1298 3487 vanus
1312 3420 1348 3483 in·

230 3537 423 3620 terpretandn
441 3538 603 3623 promissor
618 3539 769 3622 apparuit.
787 3570 829 3583 -·
848 3536 918 3614 Sed,
936 3555 1025 3621 quam
1047 3537 1176 3601 scienter
1197 3542 1350 3622 temporum

229 3650 438 3714 conversiones
461 3652 590 3715 attendit
609 3672 643 3715 ec
661 3652 733 3728 lata,
754 3656 815 3716 tam
834 3651 996 3737 diligenter
1014 3650 1122 3715 vellem
1141 3648 1175 3713 iu
1195 3648 1347 3721 bominum,

231 3762 269 3826 de
292 3762 402 3847 quibus
432 3765 552 3850 agitent,
585 3764 719 3829 moribus
749 3764 888 3829 notandis
910 3768 1043 3827 versatus
1066 3767 1144 3826 esset
1166 3767 1197 3826 et
1219 3760 1350 3828 institutis

230 3875 417 3960 publicisne
439 3879 581 3962 privatis,
614 3885 680 3943 tum
703 3880 789 3944 victu
812 3901 845 3943 sc
868 3881 998 3956 vestitu,
1024 3879 1112 3954 aeris,
1136 3898 1229 3962 quem
1250 3876 1348 3942 hanric-

231 3987 316 4072 bant,
341 3993 503 4075 temperie,
527 3993 604 4076 soli,
634 3993 686 4058 ubi
711 3993 904 4071 habitabant,
931 3996 1038 4058 naturat
1061 3999 1151 4077 atque
1174 3995 1307 4059 universe
1324 3989 1349 4052 in

267 4253 304 4314 (1)
324 4253 502 4306 Praedieanda
523 4263 606 4308 tamen
628 4260 731 4309 omnino
754 4258 912 4309 Kncbelii
934 4260 1046 4322 ingenua
1072 4265 1110 4308 est
1137 4258 1288 4319 liberalitas,
1304 4254 1347 4319 qui.

233 4347 349 4408 quamvis
366 4348 528 4399 vehementer
548 4352 627 4411 olim,
655 4360 683 4400 ut
705 4367 764 4402 mox
789 4354 945 4413 ridebimus,
963 4370 1020 4404 curn
1042 4354 1190 4404 Ilwnldio
1208 4349 1345 4418 litigaverit,

231 4437 395 4490 honorificam
412 4450 497 4493 tamen
516 4445 622 4495 subinde
641 4443 815 4496 Grammaticos
835 4447 903 4497 illins
921 4448 996 4498 faeiat
1014 4448 1179 4502 mentionem.
