2782 4958
220 361 283 424 112
661 383 802 429 111111.
828 384 894 427 111.

223 548 385 613 Studiosos.
415 583 454 593 -
481 548 601 612 Accedit
631 550 712 632 quod
735 549 824 635 longe
847 547 1041 624 arctioribus,
1069 571 1160 637 quam
1185 551 1339 615 Vicinorum

220 684 281 726 non
308 660 483 740 nullorum,
509 660 622 727 finibus
645 668 745 728 nostra
767 663 909 729 conclusa
932 669 977 728 est
998 662 1116 749 lingua,
1149 663 1295 749 plerisque
1315 666 1340 728 in

220 779 353 861 Europae
369 775 503 861 partibus
524 777 628 862 ignota
651 776 714 842 illa.
762 777 854 842 Nobis
875 779 971 863 igitur
989 784 1126 842 accurate
1149 799 1183 842 ac
1202 779 1341 863 perspicua

218 892 320 956 Latine
331 890 479 954 scribendi
491 890 523 952 in
537 889 689 967 facultate,
708 912 798 975 quam
813 893 947 956 excitant
963 890 1138 955 Academiae
1151 897 1243 976 atque
1258 891 1340 966 alunt,

221 1026 317 1070 unum
341 1005 474 1068 cernitur
497 1004 671 1084 vinculum,
698 1026 758 1088 quo
789 1026 859 1069 oum
885 1005 1025 1070 universi
1048 1006 1268 1091 conjungimur
1287 1027 1342 1069 eru·

217 1117 280 1182 diti
306 1118 491 1202 Republioi,
524 1120 742 1184 firmissimum.
769 1157 808 1166 —-
834 1120 931 1202 Atque
959 1118 1063 1183 eodem
1087 1125 1215 1184 cavetur
1243 1140 1296 1183 usu
1313 1140 1343 1182 ne

217 1233 306 1298 multi
328 1233 498 1298 Academias
522 1233 651 1299 obruant
673 1233 823 1298 inferioris
845 1233 906 1297 loci
927 1232 1143 1310 adolescentes,
1168 1235 1240 1316 qui,
1263 1255 1343 1317 quum

215 1345 332 1410 liberali
363 1348 514 1412 caruerint
546 1348 742 1428 educatione,
774 1346 894 1412 illarum
924 1347 1114 1411 institutioni
1145 1348 1342 1432 percipiendae

216 1461 316 1524 minus
338 1465 410 1524 sunt
431 1461 532 1524 idonei
556 1462 708 1543 censendi.
733 1499 774 1509 -
798 1463 915 1527 Nostris
937 1462 1058 1527 taudem
1086 1463 1255 1528 Academiis
1269 1461 1341 1526 nullo

216 1595 278 1637 non
309 1580 442 1659 tempore
472 1575 591 1659 insigne
614 1575 735 1659 aliquod
762 1574 854 1640 decus
884 1575 1101 1641 conciliabitur
1128 1599 1167 1641 ex
1195 1579 1344 1662 conjuncto

216 1711 286 1753 oum
306 1689 445 1753 omnibus
465 1689 551 1770 aliis,
577 1689 687 1773 quibus
710 1690 782 1754 haec
805 1690 958 1775 prodesset
982 1690 1173 1774 conjunctio,
1189 1691 1344 1776 disciplinis

216 1804 356 1870 classicae
388 1804 490 1869 studio
514 1804 716 1868 litteraturae.
764 1807 861 1889 Atque
893 1803 951 1869 hoc
974 1806 1074 1890 ipsum
1105 1805 1267 1888 studium,
1300 1826 1345 1891 per

220 1922 392 2002 usurpatam
419 1920 620 1984 Romanorum
645 1918 780 2004 linguam
808 1918 967 1985 suffultum
990 1925 1021 1984 et
1044 1921 1226 1996 incitatum,
1251 1918 1285 1984 ab
1305 1921 1345 1983 io·

217 2033 333 2097 ferioris
371 2055 404 2097 ao
449 2034 540 2097 medii
574 2032 688 2098 ordinis
721 2035 914 2099 institutione
956 2033 1145 2099 subtiliorem
1179 2032 1346 2119 sejungebat

218 2147 384 2211 doctrinam
408 2148 605 2213 academicam
623 2148 728 2232 illique
750 2151 898 2234 potiorem
929 2148 1080 2214 reddebat.
1130 2150 1235 2233 Neque
1261 2149 1345 2234 igitur

220 2259 308 2325 nobis
331 2262 579 2327 committendum
598 2267 644 2326 est
666 2268 701 2327 11
712 2262 825 2349 insigni
838 2263 927 2330 hooco
940 2263 1053 2329 honore
1069 2265 1220 2330 Minervae
1232 2263 1346 2328 sacraria

221 2377 430 2445 defraudemus
452 2375 663 2440 Nederlandica
687 2378 698 2462 (
722 2378 748 2463 ).

263 2611 308 2673 En
337 2610 433 2694 igitur
467 2606 555 2672 breve
587 2606 709 2691 aliquod
731 2615 976 2694 argumentorum
1000 2611 1220 2688 summarium,
1245 2608 1347 2694 quibus

217 2723 325 2799 allatis,
352 2746 378 2787 a.
407 2725 515 2800 1828,
547 2723 699 2788 communi
723 2723 849 2789 oonsilio
871 2726 1035 2806 sermonis,
1061 2726 1099 2790 de
1127 2748 1191 2810 quo
1213 2726 1344 2801 dicimus,

217 2860 307 2903 usum
325 2837 398 2902 tuiti
416 2841 488 2901 sunt
511 2842 627 2902 nostrae
651 2837 741 2922 hujus
764 2837 936 2901 Academiae
956 2839 1110 2913 Doctores,
1129 2859 1261 2921 quorum
1281 2842 1348 2901 tuuc

217 2953 251 3016 in
274 2973 399 3016 numero
422 2955 453 3015 11
476 2950 533 3014 alia
555 2953 704 3017 variarum
722 2951 848 3016 Lumina
869 2956 955 3016 erant
978 2949 1205 3036 disciplinarum
1234 2959 1266 3020 11
1290 2955 1348 3018 111-

217 3067 336 3151 ringa
374 3065 454 3152 (nam
486 3065 643 3130 defunctos
679 3071 798 3131 tantum
835 3086 896 3128 non
930 3063 1030 3129 nullos
1053 3070 1230 3152 nuncupo),
1254 3070 1282 3133 J.
1314 3069 1347 3131 11.

133 3250 135 3254 ,
219 3179 945 3262 Ρ111ν111,Η11111111,8111111111,
967 3180 1350 3260 Arutaenius,}ileu·

218 3292 398 3370 landius,
434 3297 471 3358 N.
508 3296 541 3359 C.
581 3297 901 3379 lie-Fremeryus,
938 3297 973 3359 H.
1006 3296 1034 3359 J.
1071 3295 1347 3380 Royaardsius.

219 3410 353 3484 Quorum
385 3431 486 3490 nemo,
510 3414 657 3493 quantum
689 3409 832 3498 memini,
861 3431 877 3473 a
903 3407 1024 3473 11111111
1051 3411 1180 3474 Senatds
1208 3410 1351 3476 1111111111

219 3523 355 3587 diversus
376 3521 462 3588 abiit.
511 3525 570 3587 Nec
593 3523 694 3586 minus
715 3524 849 3608 graviter
872 3544 966 3606 quum
990 3521 1062 3586 alias
1076 3503 1203 3588 eandem
1225 3545 1351 3589 caussam

219 3636 310 3701 multi
333 3642 462 3723 egerunt
484 3637 545 3702 Viri
570 3637 735 3702 doctissimi
764 3635 826 3724 (A),
851 3642 937 3714 tum,
961 3635 1016 3700 illo
1040 3637 1172 3702 maxime
1198 3642 1349 3724 tempore,

216 3755 370 3768 -q

254 3829 293 3891 (1)
312 3828 389 3877 vind,
408 3827 532 3890 imprimis
549 3826 628 3876 altera
645 3839 725 3889 eaque
744 3824 862 3874 uberiora
879 3822 987 3882 concilia,
1006 3836 1080 3887 quae,
1097 3825 1122 3873 d.
1136 3830 1151 3873 8
1163 3821 1184 3873 J
1186 3824 1231 3875 ulii
1243 3840 1266 3875 1.
1283 3829 1350 3880 1818.

219 3922 296 3970 htooe
313 3924 343 3970 de
361 3921 508 3984 quaestione
526 3905 682 3968 Academiae
700 3916 923 3980 Rheno-Truject.
943 3917 1011 3966 dedit
1029 3913 1148 3967 Senatus.

254 4016 289 4075 (2)
308 4014 404 4063 Eodem
419 4014 481 4072 sore,
496 4026 547 4076 quo
565 4027 603 4069 11,
617 4024 681 4074 qnae
696 4012 817 4069 diximus,
835 4011 988 4073 agebantur,
1004 4016 1119 4072 temporo
1130 4010 1308 4062 academicum
1322 4010 1351 4060 L.

219 4104 277 4154 Lat.
301 4120 392 4163 usum,
418 4106 518 4169 publice
544 4106 611 4156 odito
638 4105 864 4164 commentariolo,
891 4104 971 4153 tuitus
997 4110 1034 4153 est
1056 4103 1083 4154 S.
1108 4104 1153 4168 Ip.
1184 4103 1351 4162 Wiselius,

220 4198 357 4262 praeclaris
375 4200 512 4263 tragoediis
530 4200 637 4264 aliisque
655 4199 840 4248 Nederlandice
858 4199 957 4263 seriptis
974 4197 1129 4248 carminibus
1142 4196 1205 4260 jure
1218 4197 1355 4248 celebratus

220 4291 311 4341 Poeta.
348 4292 409 4341 vid.
435 4293 490 4355 ejus
514 4292 577 4353 Viro,
603 4293 732 4355 eleganter
755 4293 897 4356 conscripta
914 4307 930 4341 a
948 4289 1050 4342 Genero
1068 4291 1099 4340 P.
1117 4306 1178 4341 van
1204 4291 1355 4352 Limburg

219 4384 376 4437 Brouwer
392 4384 482 4448 (Gron.
495 4385 577 4448 1846),
595 4400 619 4447 p.
639 4387 696 4434 267.
733 4383 808 4446 Quod
825 4385 914 4450 magni
931 4385 1025 4437 Pocae
1037 4383 1220 4434 Nederlandioi
1234 4384 1356 4448 judicium

222 4485 363 4530 memoratu
382 4478 444 4529 mihi
462 4477 567 4541 dignum
588 4477 725 4529 videbatur.
