2782 4958
226 355 290 416 loo
710 375 872 417 ounvroans

226 542 280 626 qui
298 540 368 607 illic
389 540 487 605 tribua
506 541 567 604 fere
589 541 798 607 continebatur
824 542 959 629 paginis,
978 541 1027 605 ao
1048 542 1185 625 ejusdem
1208 538 1286 603 modi
1308 538 1338 600 tt

226 656 351 740 implet3
386 693 429 706 -
462 658 495 720 in
528 660 655 721 alteram
683 657 838 721 Petrinum
876 657 946 720 illic
979 656 1076 737 duas,
1112 652 1165 719 ato
1198 655 1240 717 25
1271 650 1341 716 lubet

222 790 332 856 pagg.;
359 805 401 819 ·-
423 771 457 833 in
479 769 621 835 Iacobum
638 770 709 834 illio
730 770 829 834 denuo
853 769 938 850 duas,
965 768 1016 834 hlc
1039 768 1279 853 quatuordecim.
1316 768 1341 828 u

97 963 100 972 1
222 885 266 948 sic
288 885 474 948 incaeteris.
511 886 619 967 Atque,
637 885 669 947 in
693 885 855 970 isagogicis
877 889 957 948 certe
979 882 1060 948 hisce
1084 881 1340 967 disquisitionibus,

221 996 313 1083 longe
334 998 453 1084 saepius
472 998 507 1063 ad
531 997 706 1063 refellendas
721 999 769 1062 lie
777 999 898 1064 ·ttWe
862 999 935 1063 ttii
958 1000 1121 1064 sententias
1145 993 1342 1062 Brdckneri

221 1112 374 1197 pertinent
396 1112 634 1197 disquisitiones,
659 1133 750 1197 quam
772 1112 808 1177 ad
832 1113 1062 1178 confirmandas.
1384 1104 1387 1191 l

267 1227 331 1289 Jam
355 1227 458 1310 quaeri
479 1232 591 1312 potest,
616 1226 654 1291 de
681 1226 739 1290 hoc
761 1225 845 1292 illius
867 1228 955 1292 instit
955 1234 1021 1305 uto,
1047 1229 1103 1309 ed,
1130 1228 1194 1310 qud
1217 1224 1340 1297 diximus,
1384 1204 1387 1299 l

221 1340 337 1404 ratione
352 1340 401 1405 vel
418 1339 585 1426 supplentis
604 1342 650 1405 lie
657 1344 756 1408 ·tWe
762 1342 863 1406 tium
885 1342 934 1406 vel
955 1343 1145 1427 refingeutis,
1164 1338 1342 1424 qualcrs
1274 1337 1342 1402 nobis
1385 1372 1387 1411 ς

222 1453 377 1519 ferendum
400 1455 440 1520 sit
458 1455 621 1539 judicium.
637 1451 640 1456 ’
658 1457 717 1520 Nec
733 1457 844 1520 mirum
867 1476 937 1519 sane
960 1460 1006 1520 est
1021 1455 1104 1518 Viros
1127 1453 1223 1518 fuisse
1245 1452 1340 1524 docto,
1385 1474 1387 1481 ’

223 1569 276 1651 qui
299 1567 429 1632 alieno
419 1591 452 1632 ιιι
475 1590 564 1653 opere
592 1573 659 1634 tant
659 1591 711 1633 um
733 1570 792 1635 sibi
815 1590 932 1634 sumere
952 1542 1042 1634 illicit
1028 1574 1095 1634 tum
1117 1570 1282 1652 putarent,
1250 1567 1342 1629 ιιιι

222 1687 302 1747 certe
325 1683 467 1748 detineto
434 1688 558 1748 tcum
581 1686 720 1765 Auctore,
746 1685 800 1769 qui
822 1706 911 1750 suum
934 1706 996 1747 non
1018 1680 1148 1766 amplius
1164 1682 1246 1746 tueri
1268 1677 1342 1764 possit

222 1798 353 1875 librum,
382 1800 483 1864 minus
504 1798 607 1884 pulcre
629 1804 659 1865 te
682 1821 789 1886 agere,
814 1801 856 1863 ita
879 1800 905 1862 si
933 1819 1002 1862 eum
1024 1801 1109 1880 repet
1109 1796 1203 1872 ieris,
1228 1799 1264 1859 ut
1284 1811 1341 1876 quae
1383 1768 1387 1861 l

223 1911 339 1976 dixerat
360 1912 471 1976 iterum
493 1913 663 1997 iterumque
678 1936 732 1998 per
754 1915 786 1976 in
789 1919 951 1998 terspersas
974 1911 1021 1975 vel
1044 1909 1198 1994 adspersas
1222 1925 1341 1972 enervare
1384 1870 1387 1949 l

223 2046 257 2089 ac
287 2025 416 2090 refutare
445 2025 563 2090 studeas
585 2025 767 2111 objectiones
791 2027 849 2110 (1).
876 2027 1174 2099 -Verumtamen,
1200 2021 1342 2107 Hilgen·
1385 2016 1387 2021 ’

222 2138 238 2202 f
243 2136 345 2203 eldii
366 2139 518 2222 judicium
540 2162 578 2204 ne
602 2140 701 2205 denuo
724 2162 905 2216 memorem,
930 2139 1044 2203 Editcri
1068 2137 1273 2203 honorificum
1292 2135 1339 2218 (t),

222 2253 417 2317 Liickium
447 2252 520 2318 haec
550 2276 596 2319 res
626 2255 784 2319 offendisse
815 2276 876 2318 non
904 2253 1045 2335 videtur,
1070 2253 1174 2316 Virum
1203 2252 1237 2315 in
1258 2249 1341 2336 paucis

223 2367 384 2431 candidum
399 2368 589 2451 eundemque
613 2368 830 2434 lie-Wettii
852 2373 895 2442 et,
912 2368 1056 2451 quamdiu
1071 2365 1207 2442 vivebat,
1226 2365 1342 2428 tmicun

223 2480 451 2564 integerrimum
466 2485 506 2559 et,
522 2485 715 2565 posteaquam
733 2479 857 2554 abierat,
878 2481 1061 2545 laudatorem
1077 2479 1340 2564 propensissimum.

224 2593 278 2656 Hic
311 2595 414 2671 enim,
452 2595 664 2659 [re-Wettii
694 2596 906 2658 commentario
933 2594 967 2658 a'c
996 2593 1225 2676 Apocalypsin,
1248 2591 1342 2654 itemn

223 2707 355 2784 edendo,
378 2709 538 2793 praelatus,
564 2708 648 2774 valde
670 2730 733 2772 sese
757 2708 858 2772 dolere
880 2708 1050 2793 profitetur,
1073 2705 1157 2789 quod
1179 2726 1243 2769 non
1265 2701 1343 2788 possit

224 2817 296 2882 huic
326 2819 384 2904 ipsi
415 2820 504 2885 etiam
534 2820 700 2885 Enchiridii
731 2821 810 2884 Parti
837 2819 982 2896 eandem,
1007 2840 1096 2902 quam
1121 2816 1210 2900 aliis,
1234 2817 1345 2902 peritam

223 2931 364 2998 adhibere
381 2955 502 2998 manum
517 2936 788 3010 Briicknerus,
802 2934 885 3019 operi
899 2954 969 2998 vere
984 2933 1196 3018 proficientem
1210 2930 1290 2995 illam
1298 2931 1343 3014 (3).

223 3048 284 3110 Nec
315 3047 395 3111 enim
425 3070 606 3132 quemquam
628 3048 714 3113 facile
736 3053 887 3134 repertum
917 3048 974 3125 iri,
1000 3048 1054 3130 qui
1076 3046 1113 3111 ad
1137 3043 1345 3110 retractandum

223 3161 300 3227 illud
324 3185 359 3227 ac
377 3164 615 3228 continuandum
631 3165 726 3248 magis
748 3165 788 3227 sit
810 3162 950 3227 idoneus.
988 3162 1053 3236 Quo
1068 3161 1101 3223 in
1122 3159 1244 3242 judicio
1262 3155 1346 3222 nullos

223 3279 367 3345 nonsibi
390 3300 559 3344 assensuros
581 3300 643 3342 esse
666 3277 794 3342 confidit
823 3276 993 3362 exegeticae
1017 3273 1171 3338 doctrinae
1194 3273 1344 3337 studiosos.

225 3393 443 3457 Assentientem
474 3398 554 3455 certe
583 3391 641 3456 sibi
672 3392 722 3456 Vir
751 3390 881 3455 eximius
903 3387 1115 3452 Ewaldium
1140 3385 1267 3463 habuit,
1295 3404 1347 3447 non

225 3506 315 3569 nimis
344 3505 461 3569 facilem
483 3527 553 3568 sane
583 3506 725 3589 judicem.
774 3505 827 3567 Hic
849 3503 928 3567 enim
955 3500 1051 3566 multa
1072 3505 1153 3566 recte
1177 3499 1348 3586 supplevisse

225 3626 350 3687 testatur
372 3626 403 3685 et
417 3620 587 3686 emend-asse
612 3620 902 3693 Brucknernm3
923 3638 958 3681 ac
980 3615 1171 3699 quaestiones
1195 3611 1346 3701 generales,

262 4098 299 4160 (l)
319 4095 499 4148 Briickneri
519 4099 642 4147 rationem
655 4096 782 4160 improbat
800 4095 1001 4147 Mesenerus‚
1020 4087 1102 4152 praef.
1113 4087 1175 4137 editi
1194 4099 1253 4137 asc
1269 4096 1350 4134 comm.

227 4190 453 4239 De-Wettiani
471 4192 497 4239 In
516 4189 586 4254 Epp.
604 4188 638 4237 ad
654 4186 796 4246 Corinthios,
816 4187 910 4249 dequo
928 4197 1003 4240 mox,
1021 4197 1046 4246 p.
1058 4180 1138 4230 VIII.
1165 4178 1217 4230 Oui
1235 4174 1349 4230 consentit

156 4326 161 4333 ,
227 4282 258 4333 L.
280 4281 321 4330 W.
340 4283 369 4332 ld.
389 4282 622 4340 Rauwenhoff,
642 4283 667 4330 in
687 4278 868 4342 Gunningii
886 4278 971 4344 Refer.
994 4281 1068 4334 1856,
1087 4292 1112 4341 p.
1133 4281 1174 4325 35.

260 4379 303 4439 (2)
321 4378 383 4427 th.
403 4392 494 4441 supra,
514 4377 533 4425 I.
556 4381 610 4424 141.

265 4473 301 4535 (3)
321 4471 408 4522 Germ.
427 4468 496 4520 soce
513 4466 657 4518 lunser-ciclo
674 4465 722 4516 aad
737 4461 1002 4530 wodrdoflso'rdornde
1020 4461 1106 4512 Hand.
