2782 4958
613 119 781 163 censuere.
1225 107 1266 166 (tl

139 288 260 354 eundem
283 309 416 353 errorem
438 287 625 352 commisisse
646 285 737 370 longe
757 285 927 370 plerosque,
951 287 1005 371 qui
1034 291 1186 359 tannarie
1219 288 1270 353 ba·

138 403 222 484 bent,
255 402 386 468 Codices
409 423 475 465 mon
499 400 660 465 admodum
689 398 844 484 probabile
871 421 1021 466 sensnm.
1071 402 1271 486 aquenses

136 520 194 605 ipsa
216 519 324 597 forma,
350 516 487 600 quamvis
514 515 615 578 rrrinus
636 514 759 596 elegans
781 513 845 594 illa,
862 514 896 577 in
922 514 1047 601 ΡσίριίίιΙ
1068 521 1100 579 et
1121 514 1271 603 Heayetii

135 639 163 696 et
183 632 302 697 Saietae
321 631 501 696 auctoritate
524 631 596 694 satis
619 628 718 704 habet,
735 651 795 713 qno
810 652 843 693 se
866 634 1000 710 tueatur,
1026 632 1180 715 praesidii.
1205 632 1270 697 No·

135 749 232 811 vimus
260 751 361 810 autem
392 744 539 829 ejusmodi
571 744 749 809 recentioris
779 744 961 808 Graecitatis
989 745 1095 809 formis
1118 767 1178 809 non
1201 767 1269 812 raro

135 863 320 947 antiquiores
353 859 546 925 substituisse
577 865 667 944 atque
698 857 900 944 elegantiores
934 860 1154 924 Grammaticos
1176 862 1270 926 Codi-

134 995 260 1059 cumque
276 979 470 1038 correctores
517 971 669 1044 Quocirca
692 957 890 1054 Meyernm
914 971 1015 1052 laudo,
1039 974 1192 1059 vulgatam
1208 997 1270 1039 non

134 1096 245 1154 temere
275 1088 500 1160 sollicitantem.
549 1086 642 1159 Quod
665 1107 736 1150 vero
770 1086 801 1149 in
829 1087 932 1152 eritied
966 1091 1161 1157 cunctatione
1191 1088 1270 1154 nihil

135 1225 270 1281 monens,
295 1205 329 1266 in
355 1202 506 1287 enepoticd
531 1201 688 1279 laudandis
711 1200 888 1286 defungitur
912 1201 975 1266 suis
998 1204 1035 1266 ad
1059 1207 1079 1267 2
1106 1201 1178 1268 Cor.
1205 1204 1268 1269 IV.

136 1318 286 1393 ttdictis,
312 1317 428 1381 ordinis
451 1317 588 1380 desidero
611 1315 857 1380 concinnitatem.
897 1317 1000 1400 Atque
1025 1317 1127 1382 eadem
1150 1323 1182 1382 et
1204 1318 1270 1383 laus

136 1438 163 1495 et
184 1431 405 1496 animadversio
429 1431 460 1494 in
472 1429 668 1495 Ικίιιυιιισιικί
681 1430 904 1492 annotationem
917 1431 1059 1494 convenit
1078 1431 1114 1494 ad
1128 1436 1148 1494 2
1164 1432 1266 1498 Tbeae.

136 1547 197 1611 ΠΙ.
225 1549 282 1622 13,
306 1544 361 1610 ubi
380 1546 492 1610 mirum
513 1549 560 1609 est
581 1546 813 1609 Antecessorem
835 1563 925 1627 quam
947 1565 1048 1628 presse
1070 1544 1220 1610 imitetur.

174 1879 234 1944 sed
258 1881 395 1966 proxime
417 1881 499 1945 dicta
522 1885 627 1966 sponte
651 1902 686 1945 ec
713 1903 769 1945 nos
788 1880 936 1957 deserunt,
961 1885 996 1945 ut
1018 1881 1268 1947 Liinemanni

137 1995 224 2058 etiam
247 1995 386 2059 criticam
407 1995 594 2075 facultatem,
618 1995 723 2080 paucis
745 2002 826 2059 certe
850 1996 977 2080 proditis
1000 1998 1163 2082 exemplis,
1187 2020 1268 2083 spec·

137 2115 242 2175 tcmus.
294 2109 394 2182 Quam
417 2112 590 2175 facultatem
613 2117 648 2175 ut
670 2110 812 2177 universe
833 2110 1004 2187 laudamus,
1038 2113 1082 2176 ita
1110 2114 1144 2176 in
1170 2114 1268 2198 primd

133 2221 189 2304 jam
213 2225 282 2308 ejus
304 2224 499 2288 annotatione
522 2225 727 2307 criticaquae
751 2224 787 2287 ed
814 2226 827 2287 1
857 2225 1002 2291 Τίιυιισίί.
1026 2226 1055 2290 I.
1079 2231 1096 2291 l
1120 2227 1266 2307 refertur,

135 2356 184 2401 uos
207 2337 359 2402 offendere
382 2333 526 2402 dolemus.
573 2337 635 2403 Ubi
658 2339 748 2402 nimis
764 2339 950 2404 confidenter
969 2339 1059 2405 verba
1081 2341 1268 2426 proscribere

134 2452 270 2528 ridetur,
301 2451 412 2537 quibus
443 2454 586 2518 sectionis
619 2454 690 2519 finis
723 2455 914 2519 continetur:
941 2457 1007 2522 υίπὸ
1035 2458 1116 2522 Θεοῦ
1144 2460 1266 2542 πατρὸς

132 2575 221 2652 ἡμῶν
242 2573 300 2634 καί
325 2571 440 2654 κυρίου
462 2568 572 2656 Ἰησοῦ
592 2576 750 2655 Χριστοῦ.
786 2567 886 2640 Quae
908 2574 990 2633 recte
1012 2571 1133 2635 uncinis
1151 2569 1266 2634 inclusa

128 2681 1164 2760 essesLaehmannc‚deletcaTischendoriiocontendit.
1190 2683 1267 2756 Qui·

128 2789 184 2860 bus
209 2816 281 2859 vero
303 2794 585 2862 Michaelidem
608 2798 771 2881 praeivisse
799 2799 939 2863 norimus
962 2803 994 2862 et
1015 2797 1212 2884 Koppium
1235 2805 1266 2863 et

125 2910 362 2976 Schcllium.
408 2911 477 2976 Jam
503 2912 582 2977 nihil
605 2913 744 2997 equidem
775 2913 812 2977 de
834 2911 984 2979 Codicum
1007 2914 1043 2978 B.
1066 2913 1105 2978 F.
1131 2914 1168 2978 G.
1191 2914 1265 2978 elio·

122 3045 269 3112 rumque,
296 3027 332 3090 ad
356 3046 431 3110 quos
445 3032 597 3111 ‘provocat
621 3026 906 3102 Liinemacnus,
939 3028 1063 3092 testium
1086 3029 1267 3094 auctoritate

123 3144 299 3208 detractum
322 3141 400 3208 volo.
447 3141 564 3205 Verum
579 3141 666 3226 plura
689 3147 772 3220 sunt,
795 3162 870 3224 quae
886 3141 923 3205 ad
938 3142 1070 3206 tollenda
1086 3142 1159 3207 haec
1174 3142 1265 3208 verbe

124 3257 271 3322 librarios
301 3256 455 3342 impellere
485 3257 649 3341 potuerint.
696 3255 759 3321 Ubi
792 3257 941 3341 imprimis
971 3273 1074 3320 eorum
1097 3256 1265 3320 similitudo

122 3372 340 3458 perpendenda
363 3393 432 3436 cnm
454 3371 590 3456 proxime
610 3373 811 3458 praegressis:
834 3378 869 3442 ἐι
887 3377 956 3458 Θεῷ
977 3375 1076 3456 πατρί
1097 3375 1188 3455 ἡμῶν
1206 3376 1262 3436 καί

125 3491 230 3575 κυρίῳ
253 3486 362 3574 Ἰησοῦ
386 3495 534 3576 Χριστῷ.
583 3488 695 3553 Nonne
718 3488 800 3552 enim
822 3487 980 3571 utriusque
1003 3485 1077 3549 dicti
1097 3490 1129 3548 et
1150 3483 1263 3549 etmttt·

128 3602 268 3678 tudinem
296 3623 352 3665 nec
383 3593 549 3687 elegantem
581 3603 790 3689 repetitionem
815 3601 1007 3668 librariorum
1030 3600 1078 3667 vel
1101 3599 1206 3666 oeulos
1231 3601 1264 3666 in

128 3735 262 3779 errorem
287 3715 447 3779 adduxisse
469 3716 622 3801 probabile
645 3723 709 3796 est,
734 3716 781 3780 vel
815 3736 902 3782 aures
924 3718 1098 3801 animosque
1120 3718 1263 3783 offendis·

129 3828 183 3892 se?
206 3863 251 3876 -
272 3827 400 3910 Verum,
425 3831 506 3914 quod
530 3852 664 3895 caussam
687 3831 843 3895 continere
866 3821 998 3913 videtur,
1022 3831 1081 3912 bis,
1102 3831 1263 3916 dequibus

129 3943 302 4026 quaeritur,
334 3943 461 4009 sublatis
484 3944 595 4020 verbis,
621 3945 702 4009 nuda
722 3945 795 4010 haec
822 3952 955 4009 remanet
986 3945 1144 4010 salutatio:
1166 3954 1262 4034 ,χάρις

131 4062 204 4143 ὑμῖν
228 4065 284 4126 καί
309 4065 429 4145 ιίρήυη.
476 4057 577 4123 Verba
601 4060 680 4122 enim
714 4065 748 4129 ἐκ
772 4070 840 4148 θεῷ
870 4096 913 4108 -
938 4066 1055 4149 χριστῷ
1082 4078 1151 4124 eum
1172 4080 1261 4144 supe·

134 4172 209 4237 ricrc
232 4183 272 4260 τῇ
296 4174 449 4261 ἐκκλησίᾳ
476 4178 569 4242 Θισσ.
597 4174 762 4258 copulanda
776 4196 840 4238 esso
863 4175 1028 4266 rectissime
1049 4175 1167 4239 monuit
1190 4175 1260 4240 Lu·
