2782 4958
524 368 687 418 cruscula.
1118 357 1176 422 tal

36 562 121 605 acero
148 538 378 618 Teormloriorum
410 541 773 618 triumtabernarum
798 580 840 589 —
859 543 964 608 librum
991 569 1018 610 a.
1045 546 1177 613 Jooorois

38 655 251 738 apocryphum
275 673 364 736 quem
389 651 592 739 Albigensium
614 677 650 718 ex
671 655 844 732 historiae
867 659 1001 722 Jcanne
1023 662 1179 725 Renoist

40 767 189 854 vulgati,
215 765 364 831 Heteireia
387 769 548 853 repetierat
570 769 751 855 Theologus.
800 771 843 834 hd
870 773 1033 855 posteriora
1055 775 1178 857 quidem

40 881 114 946 bina
136 881 220 966 quod
243 880 371 956 attinet,
390 880 558 965 probabiles
576 905 645 947 sane
666 888 757 965 suut,
778 904 851 967 quas
867 887 952 950 affert
971 908 1004 950 ea
1020 888 1178 952 omittendi

42 997 186 1061 rationes.
234 989 267 1058 ln
298 992 408 1077 quibus
430 995 526 1081 igitur
549 996 635 1061 facile
657 1000 812 1082 acquiesco
836 998 896 1084 (1).
944 1001 1002 1064 Sed
1025 999 1110 1066 aliter
1132 1025 1179 1066 res

42 1113 216 1195 comparata
237 1130 300 1172 esse
322 1110 442 1173 videtur
465 1129 534 1173 cum
557 1111 724 1193 Eooopelio
735 1158 746 1188 ,
773 1110 853 1193 quod
877 1111 1046 1177 Marcionis
1070 1116 1180 1180 stodiis

43 1224 219 1288 mutilatum
242 1244 303 1286 erae
324 1243 393 1286 vere
417 1221 492 1285 dicit
514 1229 545 1286 et
566 1230 743 1300 corruptum.
780 1225 841 1286 lloo
863 1223 888 1285 si
911 1223 1083 1308 addidisset,
1101 1228 1180 1291 mul·

43 1336 88 1402 tis
109 1342 230 1423 gratum
257 1336 390 1400 facturus
411 1335 517 1399 suisset
547 1333 721 1399 lectoribus.
771 1339 882 1401 dooere
912 1339 1036 1421 quidem
1062 1343 1097 1404 di
1118 1366 1181 1409 oure

42 1449 127 1517 illud
149 1451 192 1515 ait
213 1474 233 1514 o
254 1450 390 1534 reliquie,
416 1471 489 1534 quoe
511 1449 661 1526 dicamur,
689 1450 826 1534 Eooopp.
843 1453 1026 1539 apocryphis.
1050 1455 1181 1542 Differre

47 1586 110 1630 nou
134 1586 213 1651 nego
236 1564 390 1648 equidem:
412 1568 443 1627 at
465 1563 544 1628 idem
563 1584 633 1627 eum
652 1563 697 1627 illi
719 1563 917 1630 characterem
936 1588 999 1632 esse
1018 1568 1178 1648 contendo,

43 1702 110 1766 quo
126 1680 265 1744 universa
281 1677 541 1763 cerni—Euangelia
551 1680 717 1762 apocrypha
732 1683 812 1742 recte
825 1679 928 1744 docuit
940 1683 1179 1772 Luckiusti),

45 1803 84 1861 ut
113 1796 179 1861 ueri
208 1815 242 1858 ac
271 1794 406 1859 cononici
429 1792 479 1857 hle
508 1794 549 1858 sit
570 1792 728 1879 Euangelii
751 1795 946 1859 adumbratio.
993 1798 1036 1861 lta
1058 1799 1181 1881 quidem

45 1915 242 1976 excusantem
271 1931 341 1974 eum
372 1909 509 1974 audimus
541 1910 751 1982 omissionem,
777 1914 814 1973 nt
835 1910 946 1974 rectius
973 1912 1065 1975 statui
1097 1934 1182 1996 posse

46 2026 151 2102 dicat,
176 2047 268 2109 »quoa
296 2024 437 2088 Marcion
467 2026 543 2090 locor
575 2024 740 2103 eupaterii,
764 2045 833 2107 quos
860 2023 1007 2103 imprimis
1035 2048 1117 2089 auom
1142 2029 1185 2090 od

48 2148 198 2204 moram
217 2137 386 2214 mutaverit,
402 2159 486 2222 quoru
507 2138 741 2222 quemadmodum
759 2136 880 2220 riopulo
895 2159 1022 2222 quaeque
1040 2139 1184 2223 deperit.”

48 2255 224 2329 Enimvero,
241 2273 303 2334 quo
323 2251 475 2315 difficilius
490 2256 553 2316 erat
568 2252 723 2316 Marcionis
745 2255 862 2316 textum
884 2249 1078 2336 probabiliter
1099 2255 1186 2318 resti-

48 2368 159 2434 tuendi
182 2388 321 2453 pensum,
347 2388 383 2431 eo
405 2363 541 2451 pulcrius
562 2365 681 2430 lecisset
703 2386 737 2429 ac
764 2364 954 2448 laudabilius,
980 2366 1018 2448 si,
1042 2387 1081 2431 ne
1104 2367 1186 2433 huno

47 2480 173 2565 quidem
196 2480 349 2565 refugiens
368 2476 512 2560 laborem,
530 2476 581 2541 hio
603 2498 722 2560 quoque
743 2479 850 2543 ducem
872 2478 1032 2544 lectoribus
1051 2500 1082 2544 se
1100 2496 1185 2566 prae*-

47 2595 165 2660 buisset
186 2600 276 2678 atque
298 2593 485 2677 adjutorem,
512 2614 573 2657 non
596 2598 712 2658 certum
741 2594 862 2678 quidem
887 2595 980 2678 (quod
1003 2574 1091 2660 nemo
1116 2596 1185 2681 jure

49 2711 216 2794 requirat),
241 2713 272 2772 at
301 2706 480 2772 benevolum
510 2711 611 2772 tamen
634 2729 668 2772 ao
697 2710 777 2792 quod
801 2713 919 2794 poterat
940 2709 1107 2776 facientem.
1153 2713 1185 2777 ld

47 2830 120 2909 post
144 2822 332 2888 llahnium
356 2822 472 2887 Thilo
494 2822 613 2888 fecerat.
661 2824 741 2898 Quos
762 2824 859 2910 igitur
880 2831 1001 2912 propter
1027 2848 1187 2913 generosos

49 2938 146 3002 ardut
178 2937 211 3001 in
233 2958 266 3000 re
294 2942 420 3001 conatus
443 2935 563 3001 laudare
593 2937 801 3020 praestiterat,
827 2960 916 3022 quam
942 2946 1065 3026 propter
1087 2943 1187 3007 miuus

48 3053 187 3130 felicem,
211 3053 236 3115 si
258 3053 356 3134 forte,
381 3072 485 3115 eorum
516 3052 630 3115 exitum
660 3053 839 3136 vituperare.
890 3054 989 3129 Quum
1012 3058 1186 3140 praesertim

53 3173 160 3232 neuter
183 3187 220 3230 en
242 3165 280 3228 iis
302 3166 448 3250 proficere
468 3169 567 3249 posset
587 3165 766 3230 Critioorum
790 3166 827 3229 de
842 3166 998 3231 Marcionis
1022 3169 1186 3254 Euangelio

53 3279 334 3364 disquisitionibus,
357 3300 483 3363 quarum
502 3279 638 3363 proxime
661 3279 781 3342 demum
799 3281 965 3364 superiores
983 3281 1015 3346 hi
1038 3282 1108 3346 anni
1131 3281 1186 3346 lar-

53 3417 123 3484 gam
148 3392 235 3458 nobis
257 3415 382 3458 messem
404 3392 590 3458 extulerunt.

100 3628 221 3707 Verum,
246 3646 283 3688 ne
306 3624 407 3707 iniqui
430 3624 522 3687 simus
544 3628 633 3707 atque
656 3622 830 3705 illiberales,
847 3621 925 3687 levia
947 3645 1009 3688 esse
1031 3625 1185 3691 fatendum

54 3744 120 3816 est,
146 3762 222 3824 quae
244 3738 346 3803 omisit
368 3737 708 3802 Tisohendorlius
730 3760 764 3802 aa
787 3738 839 3801 vix
861 3737 894 3801 in
917 3759 1039 3803 censum
1059 3722 1184 3819 uenire,

53 3876 124 3919 cum
155 3855 193 3918 iis
223 3854 249 3916 si
278 3856 488 3936 comparantur
518 3851 715 3934 Antiquitatis
750 3850 931 3915 Christianae
961 3854 1184 3935 monumentis,

54 3992 145 4054 quae,
173 3971 230 4032 nisi
253 3968 437 4054 publicasset
457 3969 506 4032 Vir
528 3968 705 4044 indefessus,
727 3967 825 4032 adhue
848 3967 947 4032 obdita
970 3966 1107 4033 laterent.
1145 3970 1187 4032 Ne

55 4084 92 4148 dc
124 4085 177 4148 diu
208 4083 356 4147 editorum
386 4083 564 4168 scriptorum
588 4084 626 4147 iis
649 4083 746 4147 dicam
776 4081 910 4168 partibus
938 4105 971 4147 ac
992 4082 1086 4165 locis,
1112 4105 1187 4166 quos

51 4252 196 4263 ...a—an·—

91 4349 130 4408 (1)
150 4346 210 4394 Vid.
231 4344 344 4410 Prolcpp„
364 4361 389 4410 p.
406 4345 446 4396 Xl
464 4346 490 4395 iu
508 4352 594 4395 annot.

90 4441 129 4501 (2)
148 4439 180 4488 L.
201 4439 218 4488 1.
