2782 4958
548 348 710 392 cananaea.
1131 334 1193 396 110

59 522 129 582 tum
143 522 182 584 ut
196 519 238 585 ita
254 542 315 586 non
335 518 430 594 nulla,
444 539 519 601 quae
531 515 574 581 ibi
590 516 672 580 hisce
694 516 864 600 descriptis
883 514 930 581 vel
948 517 1076 604 singulis
1091 540 1195 584 eorum

57 632 137 698 locis
159 633 337 717 quibasdam
361 632 547 717 prodiderat,
577 631 692 716 judicia
713 630 749 694 ed
774 652 820 708 ea,
849 652 924 715 quae
951 631 1007 696 hic
1036 654 1140 700 eorum
1161 633 1194 696 in

57 748 193 812 editione
214 747 364 832 professus
390 750 436 810 est
461 743 563 830 paullo
589 743 717 819 diversa,
745 744 899 809 commode
927 747 1073 831 reingere
1099 746 1195 831 possit

57 883 130 926 eum
153 861 251 945 iisque
274 862 308 925 in
330 859 521 925 concordiam
540 857 688 943 redigere.

60 1133 65 1139 -
106 1090 167 1155 Sed
189 1089 280 1173 hujus
301 1089 397 1174 ipsius
416 1085 556 1152 editionis
587 1085 624 1150 de
646 1087 773 1163 ratione,
806 1087 934 1153 consilio
960 1110 994 1153 ae
1016 1088 1195 1174 praestantii

58 1226 123 1290 quo
141 1205 309 1269 accuratius
328 1201 415 1267 nobis
438 1205 566 1282 constet,
590 1221 660 1264 cum
683 1201 819 1286 proxime
842 1206 1015 1289 praegressis
1032 1224 1097 1267 eam
1112 1224 1193 1268 com·

56 1339 337 1405 paremua,.quam,
359 1321 427 1381 ante
450 1315 504 1380 hos
520 1315 656 1400 quinque
678 1321 710 1380 et
732 1316 843 1401 viginti
869 1316 931 1382 fere
957 1338 1061 1396 annos,
1079 1318 1196 1384 curarit

57 1436 231 1499 loannes
254 1430 416 1498 Carolus
437 1428 566 1505 Thilo,
591 1428 760 1516 Theologus
779 1429 923 1499 llalensis.
948 1432 1042 1517 liujus
1058 1433 1194 1517 quidem,

57 1570 151 1632 quem
177 1546 330 1632 publicare
348 1547 512 1631 inceperat,
536 1545 631 1610 (leder
649 1549 829 1632 apocryphas
846 1549 931 1614 Noai
955 1549 1137 1614 Pertameatr‘
1149 1523 1202 1633 (ll

58 1663 172 1728 mansit
192 1660 365 1738 inchoatae,
399 1682 455 1726 nee
478 1661 597 1725 ranam
624 1660 767 1743 primam,
795 1662 964 1746 decapolis
990 1664 1195 1728 continentem

58 1777 240 1862 apocrypha,
281 1773 362 1839 ullus
395 1778 441 1838 eet
472 1772 549 1838 alins
575 1778 703 1839 secutus.
752 1775 883 1841 Adrersd
912 1777 994 1841 enim
1024 1776 1194 1842 valetudine

58 1887 163 1975 plures
185 1910 238 1974 per
259 1909 354 1952 annos
376 1887 462 1952 valde
484 1887 639 1972 depressus
664 1888 712 1952 Vir
733 1889 875 1967 eximius,
895 1890 1082 1975 cognominis
1097 1891 1195 1976 operis

59 2001 291 2071 Fabriciani
313 2007 443 2068 caeteras
463 2001 553 2067 etiam
577 2006 675 2085 partes
695 2000 855 2088 adjiciendi
871 2003 1033 2069 consilium
1051 2007 1194 2089 perficere

60 2137 123 2180 non
146 2116 259 2202 potuit.
306 2120 347 2181 hc
376 2117 403 2180 si
434 2137 508 2200 qnae
534 2116 611 2180 forte
644 2115 680 2179 de
714 2136 803 2200 opere
833 2115 994 2202 aliquando
1015 2114 1194 2184 absolvendo

60 2230 232 2296 nonnullis
254 2252 320 2316 spes
342 2235 507 2315 supererat,
522 2229 609 2306 hanc,
628 2250 653 2294 a.
674 2231 772 2311 1853,
786 2228 875 2314 plane
893 2231 1038 2315 praecidit
1058 2232 1196 2296 Auctoris

58 2345 163 2412 obitus
186 2346 246 2434 (ἓ).
275 2346 383 2411 Verum
400 2344 438 2409 ad
461 2365 578 2421 eornm,
601 2365 677 2428 quae
700 2343 939 2426 memoravimus,
964 2345 1194 2428 Eraaapela‘oram

59 2464 93 2525 et
114 2459 352 2525 emendationem
371 2464 402 2523 et
423 2457 655 2524 illustrationem
668 2463 786 2523 tantum
801 2458 978 2535 industriae,
1003 2464 1116 2524 mutam
1131 2461 1193 2526 Cri·

58 2575 138 2639 tices
157 2572 341 2649 facultatem,
366 2578 429 2639 tam
452 2573 631 2657 exquisitam
656 2573 794 2637 universe
823 2571 953 2638 contulit
979 2574 1190 2652 eruditionem,

56 2695 106 2767 ut,
119 2708 180 2753 usu
201 2688 335 2767 edoctus,
349 2689 383 2752 in
402 2687 664 2773 praestantissimis
678 2687 829 2751 doctrinae
852 2693 971 2752 nostrae
993 2689 1195 2754 monumentis

57 2801 243 2868 Thilonis
265 2800 348 2866 hune
369 2799 482 2867 librum
501 2822 644 2887 reponere
665 2821 728 2864 non
747 2800 895 2866 dubitem.
927 2802 979 2880 hc,
1003 2803 1029 2866 si
1048 2803 1098 2866 cui
1117 2803 1194 2866 forte
1223 2794 1225 2799 ¹

57 2917 159 2982 levius
174 2922 310 2983 nostram
333 2916 391 2983 hoe
405 2917 542 2983 videatur
562 2915 724 3000 judicium,
742 2915 822 2980 idem
845 2915 934 3000 plane
952 2915 1108 2981 clarissimi
1122 2940 1192 2982 cen·

56 3036 188 3126 suerunt
209 3032 380 3098 Germaniae
399 3031 556 3118 Theologi,
580 3028 751 3116 inquibus,
776 3030 849 3096 alios
871 3051 1103 3108 rememorem,
1132 3033 1193 3097 hi·

60 3251 202 3261 ..κιο-ιι

96 3397 136 3461 (l)
154 3397 224 3464 Lipa
246 3402 318 3458 1882,
337 3397 354 3446 f.
372 3402 389 3447 8
406 3393 466 3458 maj.
483 3407 526 3459 pp·
544 3392 616 3445 CLX
634 3402 660 3444 et
678 3397 737 3444 aad.
890 3436 892 3441 .

95 3492 131 3554 (2)
150 3491 195 3542 nt.
212 3489 243 3541 0.
262 3490 375 3547 Thilo,
395 3487 488 3540 Pidor.
505 3502 535 3537 aa
548 3483 627 3537 Ptol.
643 3486 742 3546 Decor,
754 3481 832 3536 addae
847 3485 872 3537 in
885 3481 965 3536 Acad.
980 3481 1043 3535 Hal.
1060 3483 1193 3549 Professor

60 3580 144 3648 sputi.
162 3579 227 3640 ord,
245 3580 270 3632 d.
287 3580 370 3632 XVll
386 3596 419 3632 ar.
438 3578 507 3646 Majr'
523 3578 545 3629 d.
562 3596 587 3629 a.
606 3580 694 3642 (1853)
716 3595 803 3630 aarum
820 3593 894 3644 operia
911 3576 1155 3643 uadaraeapeaimum,
1173 3586 1195 3628 et

58 3674 252 3736 affleecmariis)
270 3672 321 3724 saia
338 3682 359 3724 et
376 3670 534 3735 Academiae,
551 3671 591 3722 eat
603 3687 687 3737 mapao
704 3679 756 3722 arat
772 3679 918 3733 ornamento,
931 3680 955 3723 et
974 3667 999 3721 T
996 3668 1113 3736 deolopiaa
1128 3685 1193 3736 erep-

60 3775 116 3818 »tue
133 3767 196 3817 cer.”
213 3796 244 3805 -
262 3766 305 3818 Sic
328 3767 381 3819 fore
407 3765 462 3829 ejus
485 3773 591 3816 mortem
616 3765 777 3816 annuntiavit
802 3763 837 3816 D.
854 3763 882 3815 J.
901 3762 935 3814 Η.
957 3762 1192 3821 Goldhornine;

60 3864 107 3914 nbi
122 3862 295 3913 doctissimam
312 3863 345 3911 ad
365 3860 463 3910 exitum
480 3859 639 3919 adducebat,
655 3857 729 3921 cujus
751 3857 961 3908 commentandae
981 3858 1082 3908 initium
1099 3855 1194 3908 iecerat

60 3954 175 4014 Thilo,
193 3954 391 4020 praelationem,
409 3961 467 4004 ante
485 3951 654 4003 Bibliotleeam
673 3951 776 4000 Parrum
792 3946 937 4000 Graecorum
954 3949 1117 4016 depraedicare,
1142 3947 1192 4000 Vol.

59 4047 82 4097 Ι.
117 4046 194 4098 lianc
216 4049 285 4097 enim
303 4044 418 4097 Bibliort.
439 4045 514 4096 edero
538 4045 682 4095 instituerat
699 4042 767 4103 'l'lr.;
787 4058 834 4094 nec
851 4044 913 4094 aliae
932 4052 1019 4095 amen
1037 4043 1092 4108 ejas
1109 4053 1193 4109 partes

61 4142 169 4193 editioni
186 4156 275 4206 parare
292 4147 425 4205 potuerat,
443 4155 517 4204 quam
538 4137 714 4189 Athanasii
732 4136 793 4202 Opp.
806 4136 882 4203 dopna
901 4135 997 4198 selecta,
1015 4151 1080 4203 qaae
1098 4137 1193 4189 Gold-

59 4235 170 4285 hornii
187 4236 250 4285 cura
266 4240 325 4285 aunt
343 4234 485 4298 publicator
503 4231 574 4297 Lipr.
595 4237 668 4282 1853.
688 4229 811 4282 —Plura
829 4245 912 4296 eaque
929 4231 1002 4282 valdo
1019 4232 1192 4282 memorabilia

60 4328 92 4377 da
106 4326 199 4379 Thool.
210 4326 258 4379 hoc
279 4325 340 4378 Hal.
358 4326 428 4378 aidd.
443 4326 469 4377 in
483 4323 636 4375 Lircratarol.
652 4341 675 4373 κ.
694 4323 728 4374 A.
749 4322 878 4378 (Danaae)
897 4322 932 4373 K.
950 4322 983 4374 Z.
1002 4323 1114 4387 ejusdcm
1132 4326 1192 4375 anni

19 4450 40 4493 'i
62 4417 108 4471 N0.
129 4421 171 4469 78.

10 4508 37 4567 aa
