2782 4958
606 368 781 413 rnronccrs.
1193 351 1255 414 183

125 541 208 604 enim
231 540 278 605 illi
300 539 502 605 sufficiebatur
524 535 775 616 Ancillonic,
801 537 851 601 cui
874 559 954 602 nunc
976 538 1125 623 Principis
1146 539 1259 602 Borus-

125 655 189 718 siae
220 653 409 718 haereditarii
444 653 599 716 commissa
622 658 685 717 erat
711 654 883 731 institutio,
908 653 1020 736 quique
1049 658 1175 747 postea,¹
1200 653 1257 716 Ad·

124 769 259 832 ministri
282 768 367 853 Regii
390 767 537 850 dignitate
560 772 686 842 auctus,
711 788 885 852 magnarum
910 789 1008 832 rerum
1031 773 1135 832 auctor
1149 767 1209 832 fuit
1223 787 1258 830 ac

122 905 239 948 suasor.
287 885 347 947 Nec
378 882 432 945 diu
464 886 586 958 tamen,
622 883 724 946 extera
756 881 863 967 lingua
895 905 951 967 pro
985 883 1129 946 concione
1161 901 1255 955 usus,

123 993 382 1082 Francogallicum
404 994 551 1079 templum
574 994 762 1078 eloquentiae
785 996 891 1062 habuit
913 1020 947 1062 ac
968 996 1067 1061 laudis
1088 1017 1159 1061 suae
1173 994 1259 1059 thea-

123 1114 219 1173 trum.
270 1110 482 1193 Quinqnennio
512 1114 580 1193 post
610 1111 690 1174 enim
726 1111 917 1175 Concioactor
947 1112 1127 1176 cathedralia
1160 1109 1258 1173 dictus

123 1227 169 1286 eet
195 1228 287 1305 atque
313 1225 414 1287 Actae
442 1222 543 1306 regiae
571 1222 663 1286 sacua
692 1245 711 1286 c
734 1224 929 1288 concionibus.
962 1209 1019 1288 >llo
1050 1223 1192 1308 dignitati
1218 1242 1256 1285 ns

125 1337 200 1420 quid
224 1337 355 1413 deesset,
381 1336 495 1419 aliquot
518 1353 665 1401 annorum
687 1338 804 1421 spatio,
828 1360 959 1418 uqoremo
985 1338 1084 1421 Rapui
1107 1335 1259 1402 Bora-reici

126 1451 260 1515 Concilio
275 1451 469 1515 ecclesiastico
483 1451 581 1514 socius
597 1450 785 1518 adscribitur.
833 1452 978 1528 Tandem,
1001 1457 1085 1516 sexto
1101 1457 1259 1534 antequam

125 1564 197 1628 binc
219 1563 412 1648 migrandum
434 1565 462 1627 ei
485 1565 544 1630 fuit
566 1587 662 1640 anno,
686 1563 923 1630 Berolinensium
945 1566 979 1629 in
995 1565 1151 1630 Academia
1168 1565 1259 1628 ateo-

127 1679 224 1762 carae
247 1679 394 1762 Professor
416 1679 515 1743 dictus
538 1685 582 1744 est
604 1681 778 1745 honorarius
799 1681 960 1763 idemque,
985 1683 1051 1744 rara
1069 1685 1259 1744 ornamento·

125 1815 194 1857 rum
217 1793 419 1877 copulatione,
445 1792 626 1859 ordinaries.
670 1796 791 1876 Verum,
809 1795 943 1877 quamvis
958 1794 1087 1878 gloriosa
1102 1793 1174 1858 haec
1190 1814 1259 1856 cen·

126 1913 285 1984 serentur,
317 1929 378 1971 non
408 1913 468 1971 tam
495 1907 650 1992 dignitatis
672 1906 836 1991 amplitudo
858 1908 1025 1991 sapientum
1045 1907 1168 1990 judiciis
1187 1927 1260 1970 eum

124 2021 345 2086 commendarit
367 2028 456 2105 atque
475 2021 680 2096 admirationi,
706 2043 795 2104 quam
817 2021 912 2086 variae
936 2042 970 2085 ac
992 2020 1164 2085 reconditae
1188 2041 1256 2084 eru·

126 2137 251 2200 ditionis
272 2138 358 2222 copia
379 2142 410 2201 et
432 2135 599 2223 elegantia,
626 2159 716 2220 quam
741 2158 805 2202 rara
828 2137 948 2201 dicendi
977 2136 1023 2201 vis
1045 2158 1079 2200 ac
1112 2135 1255 2213 facultas,

126 2273 217 2334 quam
243 2251 295 2332 id,
321 2252 401 2335 quod
424 2252 613 2335 Knappii,
647 2251 833 2315 dilectissimi
856 2251 1070 2335 Praeceptoris,
1103 2271 1141 2314 er
1170 2249 1258 2313 disci-

124 2365 210 2450 plinat
233 2365 386 2447 hauserat,
408 2387 579 2451 germanam
599 2364 706 2429 Christi
727 2365 893 2429 doctrinam
915 2364 1076 2449 profitendi
1091 2363 1257 2447 tuendique

125 2479 261 2543 studium
285 2479 569 2543 constantissimum.
618 2478 766 2553 Quodne
790 2479 844 2542 illo
867 2479 989 2561 quidem
1016 2483 1148 2562 tempore
1171 2477 1259 2541 dissi·

125 2593 259 2658 mulabat
282 2615 337 2657 nec
359 2592 530 2658 remittebat
553 2592 707 2673 studium,
733 2614 815 2676 quo,
841 2592 947 2657 Seoulo
970 2591 1084 2677 placere
1106 2592 1131 2656 si
1152 2589 1256 2667 velles,

127 2706 353 2772 Rationalistam
375 2713 405 2772 te
427 2707 523 2771 facere
546 2705 683 2770 debebas.

172 2823 347 2888 Orationem
368 2845 533 2899 sacrorum,
559 2823 617 2886 nisi
640 2822 746 2908 plura,
771 2828 878 2888 octona
901 2830 979 2889 certe
1003 2824 1142 2909 deinceps
1165 2822 1259 2887 edidit

127 2936 305 3012 Volumina;
330 2958 459 3020 quorum
481 2937 693 3021 inscriptiones
719 2958 891 3014 recensere,
924 2937 1035 3021 quibus
1057 2937 1176 3023 singula
1199 2936 1260 3001 dis-

126 3052 224 3114 tincta
254 3056 442 3135 comparent,
473 3050 599 3135 longum
630 3055 675 3114 est
704 3072 759 3114 nec
788 3073 918 3116 necesse.
965 3054 1083 3115 Monere
1109 3057 1256 3136 praestat,

127 3165 229 3229 ubivis
252 3166 404 3230 Oratorem
425 3169 456 3227 te
479 3184 611 3239 cernere,
632 3165 951 3247 praestantissimorum
973 3165 1161 3248 quorumque
1180 3163 1259 3249 apud

127 3286 242 3344 veteres
264 3280 502 3362 recentioresque
525 3276 730 3362 exemplorum
752 3279 946 3344 meditatione
969 3280 1012 3343 ita
1035 3278 1201 3359 excultum
1223 3283 1260 3342 ut

127 3417 195 3458 raus
225 3398 325 3457 tamen
352 3414 466 3478 semper
496 3397 636 3456 maneret.
684 3394 806 3458 [licendi
829 3415 925 3479 genus
950 3398 1013 3471 est,
1045 3393 1135 3456 modo
1158 3391 1260 3456 naurs

128 3508 371 3572 commendatum
400 3512 490 3590 atque
520 3504 651 3593 eleganti
673 3507 881 3592 simplicitate,
907 3509 996 3572 modo
1018 3508 1136 3592 poetico
1158 3506 1259 3590 aliquo

126 3622 260 3685 tinctum
282 3619 394 3685 colora.
442 3621 474 3682 ln
498 3640 558 3703 quo
581 3641 702 3705 magnas
725 3620 905 3685 elocutionis
926 3621 1010 3684 dotes
1031 3625 1062 3684 et
1081 3620 1259 3703 exquisitam

126 3733 257 3818 aliquam
280 3733 343 3799 stili
366 3733 584 3798 absolutionem
602 3755 665 3796 non
683 3733 797 3817 injuria
820 3733 955 3798 laudasse
974 3734 1094 3799 videtur
1116 3737 1260 3819 Hagen·

126 3847 294 3913 bachius
325 3848 387 3932 (t).
436 3847 528 3930 Cujus
554 3847 688 3931 profecto
710 3848 841 3931 aequitas
865 3849 1025 3912 Censorum
1052 3845 1260 3911 Rationalista-

125 3983 195 4027 rum
217 3984 280 4026 non
307 3961 462 4027 nullorum
492 3962 683 4046 praeferenda
706 3967 750 4026 est
772 3963 946 4046 iniquitati,
978 3962 1030 4044 qui
1052 3961 1260 4044 Polaeotopum

125 4098 196 4140 eum
218 4096 250 4139 se
279 4075 448 4159 praebuisse
478 4081 567 4159 atque
596 4073 700 4139 alienis
729 4097 790 4140 non
821 4098 886 4141 raro
912 4074 986 4140 locis
1010 4074 1155 4140 Ecclesiae
1178 4095 1259 4139 com·

161 4352 200 4415 (t)
218 4352 279 4402 Vid.
297 4351 366 4402 illius
390 4350 522 4418 Encyclop.
541 4369 564 4402 u.
584 4350 712 4402 Mertodor.
736 4351 779 4401 dar
800 4350 868 4402 theol.
894 4351 1106 4416 Wc'sscasctostcn,
1125 4350 1161 4403 ad.
1181 4358 1210 4412 3,
1231 4367 1258 4416 p.
1286 4351 1288 4354 ’

129 4450 187 4504 380,
206 4445 264 4494 coll.
283 4460 308 4509 p.
327 4450 384 4494 383.
