<?xml version="1.0" encoding="UTF-8"?>
<!DOCTYPE html PUBLIC "-//W3C//DTD XHTML 1.0 Transitional//EN"
    "http://www.w3.org/TR/xhtml1/DTD/xhtml1-transitional.dtd">
<html xmlns="http://www.w3.org/1999/xhtml" xml:lang="en" lang="en">
 <head>
  <title>
</title>
<meta http-equiv="Content-Type" content="text/html;charset=utf-8" />
  <meta name='ocr-system' content='tesseract 3.04.00' />
  <meta name='ocr-capabilities' content='ocr_page ocr_carea ocr_par ocr_line ocrx_word'/>
</head>
<body>
  <div class='ocr_page' id='page_1' title='image "./chartaetheologi00boumgoog_0076.png"; bbox 0 0 2782 4958; ppageno 0'>
   <div class='ocr_carea' id='block_1_1' title="bbox 576 338 1221 397">
    <p class='ocr_par' dir='ltr' id='par_1_1' title="bbox 576 338 1221 397">
     <span class='ocr_line' id='line_1_1' title="bbox 576 338 1221 397; baseline 0.008 -5"><span class='ocrx_word' id='word_1_1' title='bbox 576 351 742 394; x_wconf 76' lang='lat' dir='ltr'><strong>onneuuun.</strong></span> <span class='ocrx_word' id='word_1_2' title='bbox 1180 338 1221 397; x_wconf 74' lang='lat'><strong>59</strong></span> 
     </span>
    </p>
   </div>
   <div class='ocr_carea' id='block_1_2' title="bbox 95 511 1233 1857">
    <p class='ocr_par' dir='ltr' id='par_1_2' title="bbox 95 511 1233 1857">
     <span class='ocr_line' id='line_1_2' title="bbox 142 511 1233 606; baseline 0.005 -26"><span class='ocrx_word' id='word_1_3' title='bbox 142 511 247 580; x_wconf 76' lang='lat' dir='ltr'><strong>Galat.</strong></span> <span class='ocrx_word' id='word_1_4' title='bbox 271 516 302 579; x_wconf 91' lang='lat'><strong>1.</strong></span> <span class='ocrx_word' id='word_1_5' title='bbox 331 519 390 592; x_wconf 82' lang='lat'><strong>15,</strong></span> <span class='ocrx_word' id='word_1_6' title='bbox 416 525 485 580; x_wconf 88' lang='lat' dir='ltr'><strong>ante</strong></span> <span class='ocrx_word' id='word_1_7' title='bbox 507 523 525 584; x_wconf 86' lang='grc' dir='ltr'>ό</span> <span class='ocrx_word' id='word_1_8' title='bbox 550 520 708 604; x_wconf 73' lang='grc' dir='ltr'><em>ἀφορίσας</em></span> <span class='ocrx_word' id='word_1_9' title='bbox 735 545 792 602; x_wconf 79' lang='grc' dir='ltr'><strong>με,</strong></span> <span class='ocrx_word' id='word_1_10' title='bbox 828 518 919 603; x_wconf 84' lang='lat' dir='ltr'><strong>vulgo</strong></span> <span class='ocrx_word' id='word_1_11' title='bbox 942 519 1096 601; x_wconf 88' lang='lat' dir='ltr'><strong>adjectum</strong></span> <span class='ocrx_word' id='word_1_12' title='bbox 1119 518 1233 606; x_wconf 77' lang='lat' dir='ltr'><strong>legitur</strong></span> 
     </span>
     <span class='ocr_line' id='line_1_3' title="bbox 99 628 1232 718; baseline 0.003 -24"><span class='ocrx_word' id='word_1_13' title='bbox 99 634 114 694; x_wconf 84' lang='grc' dir='ltr'><strong>α’</strong></span> <span class='ocrx_word' id='word_1_14' title='bbox 135 633 227 704; x_wconf 68' lang='grc' dir='ltr'><em>Θεὸς.</em></span> <span class='ocrx_word' id='word_1_15' title='bbox 276 628 370 700; x_wconf 80' lang='lat' dir='ltr'><strong>Quod</strong></span> <span class='ocrx_word' id='word_1_16' title='bbox 392 651 464 694; x_wconf 87' lang='lat' dir='ltr'><strong>vcro</strong></span> <span class='ocrx_word' id='word_1_17' title='bbox 487 630 634 694; x_wconf 86' lang='lat' dir='ltr'><strong>omittunt</strong></span> <span class='ocrx_word' id='word_1_18' title='bbox 656 630 693 696; x_wconf 92' lang='lat' dir='ltr'><strong>B.</strong></span> <span class='ocrx_word' id='word_1_19' title='bbox 717 632 755 696; x_wconf 80' lang='lat' dir='ltr'><strong>F.</strong></span> <span class='ocrx_word' id='word_1_20' title='bbox 774 633 812 698; x_wconf 85' lang='lat' dir='ltr'><strong>G.</strong></span> <span class='ocrx_word' id='word_1_21' title='bbox 831 637 885 712; x_wconf 79' lang='lat'><strong>20,</strong></span> <span class='ocrx_word' id='word_1_22' title='bbox 905 638 970 697; x_wconf 89' lang='lat' dir='ltr'><strong>tum</strong></span> <span class='ocrx_word' id='word_1_23' title='bbox 986 631 1107 717; x_wconf 79' lang='lat' dir='ltr'><strong>plures,</strong></span> <span class='ocrx_word' id='word_1_24' title='bbox 1126 655 1232 718; x_wconf 91' lang='lat' dir='ltr'><strong>quam·</strong></span> 
     </span>
     <span class='ocr_line' id='line_1_4' title="bbox 98 743 1233 830; baseline 0.006 -25"><span class='ocrx_word' id='word_1_25' title='bbox 98 743 139 805; x_wconf 83' lang='lat' dir='ltr'><strong>vie</strong></span> <span class='ocrx_word' id='word_1_26' title='bbox 161 764 224 806; x_wconf 94' lang='lat' dir='ltr'><strong>non</strong></span> <span class='ocrx_word' id='word_1_27' title='bbox 246 745 501 819; x_wconf 76' lang='lat' dir='ltr'><strong>constantissime,</strong></span> <span class='ocrx_word' id='word_1_28' title='bbox 516 743 634 821; x_wconf 82' lang='lat' dir='ltr'><strong>Patres,</strong></span> <span class='ocrx_word' id='word_1_29' title='bbox 648 745 744 811; x_wconf 83' lang='lat' dir='ltr'><strong>veluti</strong></span> <span class='ocrx_word' id='word_1_30' title='bbox 766 747 923 829; x_wconf 87' lang='lat' dir='ltr'><strong>Irenaeue,</strong></span> <span class='ocrx_word' id='word_1_31' title='bbox 941 747 1117 830; x_wconf 77' lang='lat' dir='ltr'><strong>Ohrymrt,</strong></span> <span class='ocrx_word' id='word_1_32' title='bbox 1133 747 1233 812; x_wconf 82' lang='lat' dir='ltr'><strong>Theo-</strong></span> 
     </span>
     <span class='ocr_line' id='line_1_5' title="bbox 97 856 1233 933; baseline 0.004 -13"><span class='ocrx_word' id='word_1_33' title='bbox 97 856 174 933; x_wconf 90' lang='lat' dir='ltr'><strong>dor.,</strong></span> <span class='ocrx_word' id='word_1_34' title='bbox 201 858 324 923; x_wconf 85' lang='lat' dir='ltr'><strong>tandem</strong></span> <span class='ocrx_word' id='word_1_35' title='bbox 346 881 384 924; x_wconf 87' lang='lat' dir='ltr'><strong>ex</strong></span> <span class='ocrx_word' id='word_1_36' title='bbox 406 859 590 923; x_wconf 86' lang='lat' dir='ltr'><strong>Vereionum</strong></span> <span class='ocrx_word' id='word_1_37' title='bbox 613 879 739 924; x_wconf 91' lang='lat' dir='ltr'><strong>numero</strong></span> <span class='ocrx_word' id='word_1_38' title='bbox 762 858 913 924; x_wconf 84' lang='lat' dir='ltr'><strong>Peechito.</strong></span> <span class='ocrx_word' id='word_1_39' title='bbox 957 861 1038 927; x_wconf 89' lang='lat' dir='ltr'><strong>Nam</strong></span> <span class='ocrx_word' id='word_1_40' title='bbox 1062 881 1166 924; x_wconf 79' lang='lat' dir='ltr'><strong>omnes</strong></span> <span class='ocrx_word' id='word_1_41' title='bbox 1181 859 1233 924; x_wconf 79' lang='lat' dir='ltr'><strong>hio</strong></span> 
     </span>
     <span class='ocr_line' id='line_1_6' title="bbox 95 973 1233 1058; baseline 0.004 -24"><span class='ocrx_word' id='word_1_42' title='bbox 95 992 260 1048; x_wconf 83' lang='lat' dir='ltr'><strong>memorare</strong></span> <span class='ocrx_word' id='word_1_43' title='bbox 289 977 383 1037; x_wconf 85' lang='lat' dir='ltr'><strong>teetee</strong></span> <span class='ocrx_word' id='word_1_44' title='bbox 411 995 474 1038; x_wconf 92' lang='lat' dir='ltr'><strong>non</strong></span> <span class='ocrx_word' id='word_1_45' title='bbox 503 994 579 1058; x_wconf 81' lang='lat' dir='ltr'><strong>opus</strong></span> <span class='ocrx_word' id='word_1_46' title='bbox 601 978 659 1039; x_wconf 84' lang='lat' dir='ltr'><strong>eet.</strong></span> <span class='ocrx_word' id='word_1_47' title='bbox 707 973 769 1038; x_wconf 79' lang='lat' dir='ltr'><strong>Eos</strong></span> <span class='ocrx_word' id='word_1_48' title='bbox 795 974 892 1058; x_wconf 84' lang='lat' dir='ltr'><strong>igitur</strong></span> <span class='ocrx_word' id='word_1_49' title='bbox 922 973 1038 1054; x_wconf 79' lang='lat' dir='ltr'><strong>secuti,</strong></span> <span class='ocrx_word' id='word_1_50' title='bbox 1071 973 1233 1040; x_wconf 85' lang='lat' dir='ltr'><strong>lectionem</strong></span> 
     </span>
     <span class='ocr_line' id='line_1_7' title="bbox 95 1084 1230 1172; baseline 0.002 -23"><span class='ocrx_word' id='word_1_51' title='bbox 95 1085 267 1169; x_wconf 85' lang='lat' dir='ltr'><strong>repudiant,</strong></span> <span class='ocrx_word' id='word_1_52' title='bbox 293 1091 374 1152; x_wconf 85' lang='lat' dir='ltr'><strong>certe</strong></span> <span class='ocrx_word' id='word_1_53' title='bbox 396 1109 456 1151; x_wconf 91' lang='lat' dir='ltr'><strong>non</strong></span> <span class='ocrx_word' id='word_1_54' title='bbox 480 1092 618 1166; x_wconf 89' lang='lat' dir='ltr'><strong>tuentur,</strong></span> <span class='ocrx_word' id='word_1_55' title='bbox 644 1086 743 1151; x_wconf 90' lang='lat' dir='ltr'><strong>Mill.</strong></span> <span class='ocrx_word' id='word_1_56' title='bbox 771 1084 921 1152; x_wconf 86' lang='lat' dir='ltr'><strong>Grieeb.</strong></span> <span class='ocrx_word' id='word_1_57' title='bbox 945 1086 1144 1172; x_wconf 86' lang='lat' dir='ltr'><strong>Borgerus</strong></span> <span class='ocrx_word' id='word_1_58' title='bbox 1165 1085 1230 1172; x_wconf 80' lang='lat'><strong>(1),</strong></span> 
     </span>
     <span class='ocr_line' id='line_1_8' title="bbox 95 1198 1232 1277; baseline 0.002 -15"><span class='ocrx_word' id='word_1_59' title='bbox 95 1198 249 1263; x_wconf 86' lang='lat' dir='ltr'><strong>Schott.</strong></span> <span class='ocrx_word' id='word_1_60' title='bbox 280 1200 477 1265; x_wconf 61' lang='lat' dir='ltr'><strong>nowen.</strong></span> <span class='ocrx_word' id='word_1_61' title='bbox 503 1201 659 1266; x_wconf 85' lang='lat' dir='ltr'><strong>Lachm.</strong></span> <span class='ocrx_word' id='word_1_62' title='bbox 685 1200 1043 1277; x_wconf 77' lang='lat' dir='ltr'><strong>Tischendorliue3</strong></span> <span class='ocrx_word' id='word_1_63' title='bbox 1074 1199 1232 1265; x_wconf 76' lang='lat' dir='ltr'>dubitante</span> 
     </span>
     <span class='ocr_line' id='line_1_9' title="bbox 95 1310 1232 1398; baseline 0.002 -24"><span class='ocrx_word' id='word_1_64' title='bbox 95 1316 193 1374; x_wconf 89' lang='lat' dir='ltr'><strong>tamen</strong></span> <span class='ocrx_word' id='word_1_65' title='bbox 214 1310 457 1377; x_wconf 60' lang='lat' dir='ltr'><strong>Rueckertot</strong></span> <span class='ocrx_word' id='word_1_66' title='bbox 482 1315 585 1398; x_wconf 82' lang='lat' dir='ltr'><strong>Atque</strong></span> <span class='ocrx_word' id='word_1_67' title='bbox 609 1313 661 1379; x_wconf 89' lang='lat' dir='ltr'><strong>hio</strong></span> <span class='ocrx_word' id='word_1_68' title='bbox 683 1313 805 1397; x_wconf 89' lang='lat' dir='ltr'><strong>quidem</strong></span> <span class='ocrx_word' id='word_1_69' title='bbox 829 1333 945 1388; x_wconf 90' lang='lat' dir='ltr'><strong>eorum,</strong></span> <span class='ocrx_word' id='word_1_70' title='bbox 970 1332 1047 1398; x_wconf 86' lang='lat' dir='ltr'><strong>quoe</strong></span> <span class='ocrx_word' id='word_1_71' title='bbox 1071 1313 1148 1393; x_wconf 85' lang='lat' dir='ltr'>dixi,</span> <span class='ocrx_word' id='word_1_72' title='bbox 1172 1317 1232 1378; x_wconf 81' lang='lat' dir='ltr'><strong>tea·</strong></span> 
     </span>
     <span class='ocr_line' id='line_1_10' title="bbox 95 1425 1231 1511; baseline 0.003 -23"><span class='ocrx_word' id='word_1_73' title='bbox 95 1425 171 1489; x_wconf 87' lang='lat' dir='ltr'><strong>tium</strong></span> <span class='ocrx_word' id='word_1_74' title='bbox 194 1428 405 1492; x_wconf 84' lang='lat' dir='ltr'><strong>auctoritatem</strong></span> <span class='ocrx_word' id='word_1_75' title='bbox 428 1428 473 1491; x_wconf 79' lang='lat' dir='ltr'><strong>sic</strong></span> <span class='ocrx_word' id='word_1_76' title='bbox 495 1448 637 1494; x_wconf 84' lang='lat' dir='ltr'><strong>enervare</strong></span> <span class='ocrx_word' id='word_1_77' title='bbox 657 1427 769 1505; x_wconf 81' lang='lat' dir='ltr'><strong>studet,</strong></span> <span class='ocrx_word' id='word_1_78' title='bbox 789 1433 824 1493; x_wconf 91' lang='lat' dir='ltr'><strong>ut</strong></span> <span class='ocrx_word' id='word_1_79' title='bbox 839 1426 978 1505; x_wconf 86' lang='lat' dir='ltr'><strong>aliorum,</strong></span> <span class='ocrx_word' id='word_1_80' title='bbox 997 1428 1049 1511; x_wconf 93' lang='lat' dir='ltr'><strong>qui</strong></span> <span class='ocrx_word' id='word_1_81' title='bbox 1069 1428 1231 1502; x_wconf 76' lang='lat' dir='ltr'><strong>retineant,</strong></span> 
     </span>
     <span class='ocr_line' id='line_1_11' title="bbox 95 1539 1232 1629; baseline 0.004 -27"><span class='ocrx_word' id='word_1_82' title='bbox 95 1539 189 1605; x_wconf 83' lang='lat' dir='ltr'><strong>veluti</strong></span> <span class='ocrx_word' id='word_1_83' title='bbox 211 1543 242 1606; x_wconf 79' lang='lat' dir='ltr'>A</span> <span class='ocrx_word' id='word_1_84' title='bbox 264 1547 296 1606; x_wconf 89' lang='lat' dir='ltr'><strong>et</strong></span> <span class='ocrx_word' id='word_1_85' title='bbox 318 1542 360 1622; x_wconf 90' lang='lat' dir='ltr'><strong>D,</strong></span> <span class='ocrx_word' id='word_1_86' title='bbox 387 1544 564 1629; x_wconf 79' lang='lat' dir='ltr'><strong>suffragium</strong></span> <span class='ocrx_word' id='word_1_87' title='bbox 588 1549 730 1629; x_wconf 88' lang='lat' dir='ltr'><strong>opponat.</strong></span> <span class='ocrx_word' id='word_1_88' title='bbox 779 1543 896 1609; x_wconf 87' lang='lat' dir='ltr'><strong>Verum</strong></span> <span class='ocrx_word' id='word_1_89' title='bbox 919 1544 944 1607; x_wconf 81' lang='lat' dir='ltr'><strong>ei</strong></span> <span class='ocrx_word' id='word_1_90' title='bbox 968 1542 1017 1607; x_wconf 88' lang='lat' dir='ltr'><strong>vel</strong></span> <span class='ocrx_word' id='word_1_91' title='bbox 1040 1549 1178 1608; x_wconf 88' lang='lat' dir='ltr'><strong>neutram</strong></span> <span class='ocrx_word' id='word_1_92' title='bbox 1200 1543 1232 1606; x_wconf 94' lang='lat' dir='ltr'><strong>in</strong></span> 
     </span>
     <span class='ocr_line' id='line_1_12' title="bbox 96 1653 1230 1742; baseline 0.002 -24"><span class='ocrx_word' id='word_1_93' title='bbox 96 1659 208 1737; x_wconf 91' lang='lat' dir='ltr'><strong>partem</strong></span> <span class='ocrx_word' id='word_1_94' title='bbox 228 1653 339 1737; x_wconf 89' lang='lat' dir='ltr'><strong>judicii</strong></span> <span class='ocrx_word' id='word_1_95' title='bbox 361 1654 477 1721; x_wconf 89' lang='lat' dir='ltr'><strong>lancem</strong></span> <span class='ocrx_word' id='word_1_96' title='bbox 499 1655 647 1721; x_wconf 90' lang='lat' dir='ltr'><strong>inclinare</strong></span> <span class='ocrx_word' id='word_1_97' title='bbox 676 1666 798 1722; x_wconf 75' lang='lat' dir='ltr'><strong>rotoma</strong></span> <span class='ocrx_word' id='word_1_98' title='bbox 819 1655 1018 1720; x_wconf 80' lang='lat' dir='ltr'><strong>concedamus</strong></span> <span class='ocrx_word' id='word_1_99' title='bbox 1040 1661 1230 1742; x_wconf 64' lang='lat' dir='ltr'><strong>argumentum</strong></span> 
     </span>
     <span class='ocr_line' id='line_1_13' title="bbox 95 1767 1229 1857; baseline 0.001 -26"><span class='ocrx_word' id='word_1_100' title='bbox 95 1769 157 1852; x_wconf 91' lang='lat' dir='ltr'><strong>ipea</strong></span> <span class='ocrx_word' id='word_1_101' title='bbox 178 1773 284 1832; x_wconf 87' lang='lat' dir='ltr'><strong>tamen</strong></span> <span class='ocrx_word' id='word_1_102' title='bbox 305 1768 397 1834; x_wconf 90' lang='lat' dir='ltr'><strong>lectio</strong></span> <span class='ocrx_word' id='word_1_103' title='bbox 419 1774 480 1834; x_wconf 88' lang='lat' dir='ltr'><strong>tam</strong></span> <span class='ocrx_word' id='word_1_104' title='bbox 504 1767 695 1857; x_wconf 84' lang='lat' dir='ltr'><strong>manifestum</strong></span> <span class='ocrx_word' id='word_1_105' title='bbox 712 1769 858 1856; x_wconf 79' lang='lat' dir='ltr'><strong>glossema</strong></span> <span class='ocrx_word' id='word_1_106' title='bbox 873 1768 1064 1836; x_wconf 80' lang='lat' dir='ltr'>librariorum</span> <span class='ocrx_word' id='word_1_107' title='bbox 1081 1771 1229 1848; x_wconf 87' lang='lat' dir='ltr'><strong>continet,</strong></span> 
     </span>
    </p>
   </div>
   <div class='ocr_carea' id='block_1_3' title="bbox 96 1881 1356 1970">
    <p class='ocr_par' dir='ltr' id='par_1_3' title="bbox 96 1881 1356 1970">
     <span class='ocr_line' id='line_1_14' title="bbox 96 1881 1356 1970; baseline 0.004 -25"><span class='ocrx_word' id='word_1_108' title='bbox 96 1881 163 1946; x_wconf 84' lang='lat' dir='ltr'><strong>talia</strong></span> <span class='ocrx_word' id='word_1_109' title='bbox 185 1882 339 1949; x_wconf 86' lang='lat' dir='ltr'><strong>inculcare</strong></span> <span class='ocrx_word' id='word_1_110' title='bbox 361 1882 536 1962; x_wconf 77' lang='lat' dir='ltr'><strong>solitorum,</strong></span> <span class='ocrx_word' id='word_1_111' title='bbox 568 1889 605 1950; x_wconf 88' lang='lat' dir='ltr'><strong>nt</strong></span> <span class='ocrx_word' id='word_1_112' title='bbox 625 1885 710 1951; x_wconf 73' lang='lat' dir='ltr'><strong>nulla</strong></span> <span class='ocrx_word' id='word_1_113' title='bbox 740 1905 796 1970; x_wconf 90' lang='lat' dir='ltr'><strong>ope</strong></span> <span class='ocrx_word' id='word_1_114' title='bbox 819 1884 938 1951; x_wconf 87' lang='lat' dir='ltr'><strong>defendi</strong></span> <span class='ocrx_word' id='word_1_115' title='bbox 969 1906 1056 1969; x_wconf 80' lang='lat' dir='ltr'><strong>porse</strong></span> <span class='ocrx_word' id='word_1_116' title='bbox 1078 1884 1228 1950; x_wconf 87' lang='lat' dir='ltr'><strong>videatur.</strong></span> <span class='ocrx_word' id='word_1_117' title='bbox 1351 1955 1356 1968; x_wconf 61' lang='grc'><strong>,</strong></span> 
     </span>
    </p>
   </div>
   <div class='ocr_carea' id='block_1_4' title="bbox 96 1995 1237 2769">
    <p class='ocr_par' dir='ltr' id='par_1_4' title="bbox 96 1995 1237 2769">
     <span class='ocr_line' id='line_1_15' title="bbox 96 1995 1230 2085; baseline 0.003 -25"><span class='ocrx_word' id='word_1_118' title='bbox 96 1995 171 2061; x_wconf 81' lang='lat' dir='ltr'><strong>Cum</strong></span> <span class='ocrx_word' id='word_1_119' title='bbox 193 1999 370 2082; x_wconf 80' lang='lat' dir='ltr'><strong>praesertim</strong></span> <span class='ocrx_word' id='word_1_120' title='bbox 393 1999 555 2075; x_wconf 90' lang='lat' dir='ltr'><strong>neminem,</strong></span> <span class='ocrx_word' id='word_1_121' title='bbox 581 2000 640 2066; x_wconf 88' lang='lat' dir='ltr'><strong>niei</strong></span> <span class='ocrx_word' id='word_1_122' title='bbox 663 1999 779 2075; x_wconf 82' lang='lat' dir='ltr'><strong>Deum,</strong></span> <span class='ocrx_word' id='word_1_123' title='bbox 805 1999 969 2085; x_wconf 79' lang='lat' dir='ltr'><strong>significari</strong></span> <span class='ocrx_word' id='word_1_124' title='bbox 992 1998 1162 2062; x_wconf 86' lang='lat' dir='ltr'><strong>luculenter</strong></span> <span class='ocrx_word' id='word_1_125' title='bbox 1177 1998 1230 2063; x_wconf 89' lang='lat' dir='ltr'><strong>do·</strong></span> 
     </span>
     <span class='ocr_line' id='line_1_16' title="bbox 97 2113 1231 2199; baseline 0.001 -23"><span class='ocrx_word' id='word_1_126' title='bbox 97 2118 182 2176; x_wconf 87' lang='lat' dir='ltr'><strong>ceant</strong></span> <span class='ocrx_word' id='word_1_127' title='bbox 204 2113 333 2197; x_wconf 85' lang='lat' dir='ltr'><strong>adjecto,</strong></span> <span class='ocrx_word' id='word_1_128' title='bbox 357 2135 423 2188; x_wconf 87' lang='lat' dir='ltr'><strong>neo,</strong></span> <span class='ocrx_word' id='word_1_129' title='bbox 449 2117 562 2181; x_wconf 74' lang='lat' dir='ltr'><strong>omisca</strong></span> <span class='ocrx_word' id='word_1_130' title='bbox 580 2136 664 2195; x_wconf 89' lang='lat' dir='ltr'><strong>voce,</strong></span> <span class='ocrx_word' id='word_1_131' title='bbox 682 2116 720 2180; x_wconf 90' lang='lat' dir='ltr'><strong>de</strong></span> <span class='ocrx_word' id='word_1_132' title='bbox 742 2114 801 2179; x_wconf 90' lang='lat' dir='ltr'><strong>loci</strong></span> <span class='ocrx_word' id='word_1_133' title='bbox 817 2115 968 2178; x_wconf 80' lang='lat' dir='ltr'><strong>sententid</strong></span> <span class='ocrx_word' id='word_1_134' title='bbox 982 2114 1153 2199; x_wconf 86' lang='lat' dir='ltr'><strong>quiequam,</strong></span> <span class='ocrx_word' id='word_1_135' title='bbox 1170 2114 1231 2177; x_wconf 80' lang='lat' dir='ltr'><strong>nisi</strong></span> 
     </span>
     <span class='ocr_line' id='line_1_17' title="bbox 97 2224 1230 2313; baseline 0.002 -26"><span class='ocrx_word' id='word_1_136' title='bbox 97 2224 216 2309; x_wconf 80' lang='lat' dir='ltr'><strong>ineptus</strong></span> <span class='ocrx_word' id='word_1_137' title='bbox 239 2226 316 2289; x_wconf 83' lang='lat' dir='ltr'><strong>forte</strong></span> <span class='ocrx_word' id='word_1_138' title='bbox 335 2225 495 2305; x_wconf 86' lang='lat' dir='ltr'><strong>librarius,</strong></span> <span class='ocrx_word' id='word_1_139' title='bbox 518 2226 656 2294; x_wconf 92' lang='lat' dir='ltr'><strong>dubitare</strong></span> <span class='ocrx_word' id='word_1_140' title='bbox 670 2231 777 2313; x_wconf 80' lang='lat' dir='ltr'><strong>poerit.</strong></span> <span class='ocrx_word' id='word_1_141' title='bbox 810 2227 962 2300; x_wconf 80' lang='lat' dir='ltr'><strong>Quocirca</strong></span> <span class='ocrx_word' id='word_1_142' title='bbox 976 2249 1014 2291; x_wconf 88' lang='lat' dir='ltr'><strong>ne</strong></span> <span class='ocrx_word' id='word_1_143' title='bbox 1032 2228 1093 2311; x_wconf 86' lang='lat' dir='ltr'><strong>ipae</strong></span> <span class='ocrx_word' id='word_1_144' title='bbox 1107 2226 1230 2311; x_wconf 91' lang='lat' dir='ltr'><strong>quidem</strong></span> 
     </span>
     <span class='ocr_line' id='line_1_18' title="bbox 98 2335 1237 2428; baseline 0.003 -26"><span class='ocrx_word' id='word_1_145' title='bbox 98 2335 279 2425; x_wconf 85' lang='lat' dir='ltr'><strong>lleyerua</strong></span> <span class='ocrx_word' id='word_1_146' title='bbox 300 2339 425 2426; x_wconf 81' lang='lat' dir='ltr'><strong>rubjecti</strong></span> <span class='ocrx_word' id='word_1_147' title='bbox 447 2364 556 2406; x_wconf 92' lang='lat' dir='ltr'><strong>nomen</strong></span> <span class='ocrx_word' id='word_1_148' title='bbox 579 2344 692 2426; x_wconf 85' lang='lat' dir='ltr'><strong>requiri</strong></span> <span class='ocrx_word' id='word_1_149' title='bbox 715 2347 813 2428; x_wconf 87' lang='lat' dir='ltr'><strong>putat.</strong></span> <span class='ocrx_word' id='word_1_150' title='bbox 863 2341 934 2413; x_wconf 81' lang='lat' dir='ltr'><strong>Quo</strong></span> <span class='ocrx_word' id='word_1_151' title='bbox 949 2342 1054 2427; x_wconf 80' lang='lat' dir='ltr'><strong>magis,</strong></span> <span class='ocrx_word' id='word_1_152' title='bbox 1077 2341 1237 2406; x_wconf 81' lang='lat' dir='ltr'><strong>levissimo·</strong></span> 
     </span>
     <span class='ocr_line' id='line_1_19' title="bbox 98 2453 1228 2540; baseline 0.004 -23"><span class='ocrx_word' id='word_1_153' title='bbox 98 2453 184 2518; x_wconf 87' lang='lat' dir='ltr'><strong>allato</strong></span> <span class='ocrx_word' id='word_1_154' title='bbox 219 2462 418 2540; x_wconf 85' lang='lat' dir='ltr'><strong>argumento,</strong></span> <span class='ocrx_word' id='word_1_155' title='bbox 451 2455 610 2522; x_wconf 89' lang='lat' dir='ltr'><strong>lectionem</strong></span> <span class='ocrx_word' id='word_1_156' title='bbox 641 2479 711 2523; x_wconf 91' lang='lat' dir='ltr'><strong>eum</strong></span> <span class='ocrx_word' id='word_1_157' title='bbox 741 2456 909 2520; x_wconf 79' lang='lat' dir='ltr'><strong>defendisse</strong></span> <span class='ocrx_word' id='word_1_158' title='bbox 930 2457 1041 2532; x_wconf 92' lang='lat' dir='ltr'><strong>miror,</strong></span> <span class='ocrx_word' id='word_1_159' title='bbox 1072 2455 1108 2520; x_wconf 91' lang='lat' dir='ltr'><strong>ad</strong></span> <span class='ocrx_word' id='word_1_160' title='bbox 1138 2476 1228 2539; x_wconf 88' lang='lat' dir='ltr'><strong>quam</strong></span> 
     </span>
     <span class='ocr_line' id='line_1_20' title="bbox 98 2568 1230 2656; baseline 0.003 -25"><span class='ocrx_word' id='word_1_161' title='bbox 98 2568 349 2633; x_wconf 87' lang='lat' dir='ltr'><strong>condemnandam</strong></span> <span class='ocrx_word' id='word_1_162' title='bbox 373 2569 543 2655; x_wconf 78' lang='lat' dir='ltr'><strong>gravissimi</strong></span> <span class='ocrx_word' id='word_1_163' title='bbox 575 2575 667 2636; x_wconf 83' lang='lat' dir='ltr'><strong>tester</strong></span> <span class='ocrx_word' id='word_1_164' title='bbox 689 2590 758 2636; x_wconf 90' lang='lat' dir='ltr'><strong>cum</strong></span> <span class='ocrx_word' id='word_1_165' title='bbox 791 2571 903 2656; x_wconf 76' lang='lat' dir='ltr'><strong>magud</strong></span> <span class='ocrx_word' id='word_1_166' title='bbox 924 2570 1075 2635; x_wconf 88' lang='lat' dir='ltr'><strong>rationum</strong></span> <span class='ocrx_word' id='word_1_167' title='bbox 1097 2570 1230 2635; x_wconf 87' lang='lat' dir='ltr'><strong>interna·</strong></span> 
     </span>
     <span class='ocr_line' id='line_1_21' title="bbox 98 2681 600 2769; baseline 0.006 -22"><span class='ocrx_word' id='word_1_168' title='bbox 98 2703 160 2748; x_wconf 91' lang='lat' dir='ltr'><strong>rum</strong></span> <span class='ocrx_word' id='word_1_169' title='bbox 183 2681 396 2769; x_wconf 84' lang='lat' dir='ltr'><strong>probabilitate</strong></span> <span class='ocrx_word' id='word_1_170' title='bbox 418 2686 600 2769; x_wconf 86' lang='lat' dir='ltr'><strong>conspirant.</strong></span> 
     </span>
    </p>
   </div>
   <div class='ocr_carea' id='block_1_5' title="bbox 92 3016 1231 4024">
    <p class='ocr_par' dir='ltr' id='par_1_5' title="bbox 92 3016 1231 4024">
     <span class='ocr_line' id='line_1_22' title="bbox 140 3016 1228 3104; baseline 0.003 -19"><span class='ocrx_word' id='word_1_171' title='bbox 140 3021 217 3086; x_wconf 78' lang='lat' dir='ltr'><strong>Gal.</strong></span> <span class='ocrx_word' id='word_1_172' title='bbox 245 3020 311 3085; x_wconf 90' lang='grc' dir='ltr'><strong>ΠΙ.</strong></span> <span class='ocrx_word' id='word_1_173' title='bbox 338 3025 392 3092; x_wconf 83' lang='grc'><strong>15,</strong></span> <span class='ocrx_word' id='word_1_174' title='bbox 416 3040 471 3104; x_wconf 93' lang='lat' dir='ltr'><strong>pro</strong></span> <span class='ocrx_word' id='word_1_175' title='bbox 491 3020 691 3102; x_wconf 75' lang='grc' dir='ltr'><em>ἐπαγγελίαν</em></span> <span class='ocrx_word' id='word_1_176' title='bbox 716 3028 772 3086; x_wconf 75' lang='grc' dir='ltr'><strong>τοῦ</strong></span> <span class='ocrx_word' id='word_1_177' title='bbox 792 3027 985 3104; x_wconf 69' lang='grc' dir='ltr'><em>Πγεύματος</em></span> <span class='ocrx_word' id='word_1_178' title='bbox 1008 3016 1121 3083; x_wconf 87' lang='lat' dir='ltr'><strong>habent</strong></span> <span class='ocrx_word' id='word_1_179' title='bbox 1140 3019 1228 3087; x_wconf 76' lang='grc' dir='ltr'><em>εὐλο-</em></span> 
     </span>
     <span class='ocr_line' id='line_1_23' title="bbox 95 3131 1230 3218; baseline -0.007 -13"><span class='ocrx_word' id='word_1_180' title='bbox 95 3146 171 3218; x_wconf 77' lang='grc' dir='ltr'><em>γιάν</em></span> <span class='ocrx_word' id='word_1_181' title='bbox 198 3155 230 3204; x_wconf 76' lang='grc' dir='ltr'><strong>τ.</strong></span> <span class='ocrx_word' id='word_1_182' title='bbox 256 3145 326 3204; x_wconf 73' lang='lat' dir='ltr'><strong>Hc.</strong></span> <span class='ocrx_word' id='word_1_183' title='bbox 351 3132 416 3199; x_wconf 70' lang='lat' dir='ltr'><strong>D*.</strong></span> <span class='ocrx_word' id='word_1_184' title='bbox 447 3134 484 3198; x_wconf 75' lang='lat' dir='ltr'><strong>F.</strong></span> <span class='ocrx_word' id='word_1_185' title='bbox 508 3131 551 3200; x_wconf 85' lang='lat' dir='ltr'><strong>G.</strong></span> <span class='ocrx_word' id='word_1_186' title='bbox 571 3133 649 3198; x_wconf 89' lang='lat' dir='ltr'><strong>ltala</strong></span> <span class='ocrx_word' id='word_1_187' title='bbox 669 3140 702 3197; x_wconf 88' lang='lat' dir='ltr'><strong>et</strong></span> <span class='ocrx_word' id='word_1_188' title='bbox 724 3133 853 3199; x_wconf 79' lang='lat' dir='ltr'><strong>Tertull.</strong></span> <span class='ocrx_word' id='word_1_189' title='bbox 902 3133 991 3198; x_wconf 93' lang='lat' dir='ltr'><strong>Unde</strong></span> <span class='ocrx_word' id='word_1_190' title='bbox 1015 3135 1087 3198; x_wconf 82' lang='lat' dir='ltr'><strong>eatis</strong></span> <span class='ocrx_word' id='word_1_191' title='bbox 1107 3142 1230 3218; x_wconf 86' lang='lat' dir='ltr'><strong>apparet</strong></span> 
     </span>
     <span class='ocr_line' id='line_1_24' title="bbox 92 3246 1231 3335; baseline -0.002 -21"><span class='ocrx_word' id='word_1_192' title='bbox 92 3251 304 3335; x_wconf 84' lang='lat' dir='ltr'><strong>antiquissimo</strong></span> <span class='ocrx_word' id='word_1_193' title='bbox 323 3250 386 3332; x_wconf 87' lang='lat' dir='ltr'><strong>jam</strong></span> <span class='ocrx_word' id='word_1_194' title='bbox 408 3254 543 3333; x_wconf 89' lang='lat' dir='ltr'><strong>tempore</strong></span> <span class='ocrx_word' id='word_1_195' title='bbox 570 3247 811 3313; x_wconf 77' lang='lat' dir='ltr'><strong>Occidentalibae</strong></span> <span class='ocrx_word' id='word_1_196' title='bbox 831 3246 890 3311; x_wconf 91' lang='lat' dir='ltr'><strong>hoo</strong></span> <span class='ocrx_word' id='word_1_197' title='bbox 911 3248 1130 3332; x_wconf 84' lang='lat' dir='ltr'><strong>praeplacuisee</strong></span> <span class='ocrx_word' id='word_1_198' title='bbox 1146 3249 1231 3312; x_wconf 86' lang='lat' dir='ltr'><strong>testi·</strong></span> 
     </span>
     <span class='ocr_line' id='line_1_25' title="bbox 92 3358 1229 3450; baseline -0.008 -17"><span class='ocrx_word' id='word_1_199' title='bbox 92 3366 162 3433; x_wconf 84' lang='lat' dir='ltr'><strong>bue.</strong></span> <span class='ocrx_word' id='word_1_200' title='bbox 211 3368 283 3435; x_wconf 82' lang='lat' dir='ltr'><strong>Jam</strong></span> <span class='ocrx_word' id='word_1_201' title='bbox 306 3365 545 3432; x_wconf 80' lang='lat' dir='ltr'><strong>Michaelidi</strong></span> <span class='ocrx_word' id='word_1_202' title='bbox 567 3365 689 3450; x_wconf 90' lang='lat' dir='ltr'><strong>quidem</strong></span> <span class='ocrx_word' id='word_1_203' title='bbox 711 3366 829 3427; x_wconf 89' lang='lat' dir='ltr'><strong>tantum</strong></span> <span class='ocrx_word' id='word_1_204' title='bbox 853 3359 924 3424; x_wconf 91' lang='lat' dir='ltr'><strong>huic</strong></span> <span class='ocrx_word' id='word_1_205' title='bbox 947 3358 1141 3424; x_wconf 90' lang='lat' dir='ltr'><strong>tribuendum</strong></span> <span class='ocrx_word' id='word_1_206' title='bbox 1164 3382 1229 3425; x_wconf 82' lang='lat' dir='ltr'><strong>ecee</strong></span> 
     </span>
     <span class='ocr_line' id='line_1_26' title="bbox 92 3473 1228 3560; baseline -0.008 -14"><span class='ocrx_word' id='word_1_207' title='bbox 92 3481 254 3547; x_wconf 83' lang='lat' dir='ltr'><strong>ridebatur</strong></span> <span class='ocrx_word' id='word_1_208' title='bbox 276 3480 419 3560; x_wconf 87' lang='lat' dir='ltr'><strong>lectioni,</strong></span> <span class='ocrx_word' id='word_1_209' title='bbox 452 3485 489 3543; x_wconf 88' lang='lat' dir='ltr'><strong>ut</strong></span> <span class='ocrx_word' id='word_1_210' title='bbox 518 3500 583 3542; x_wconf 90' lang='lat' dir='ltr'><strong>eam</strong></span> <span class='ocrx_word' id='word_1_211' title='bbox 606 3480 687 3543; x_wconf 90' lang='lat' dir='ltr'><strong>inter</strong></span> <span class='ocrx_word' id='word_1_212' title='bbox 718 3481 749 3539; x_wconf 90' lang='lat' dir='ltr'><strong>et</strong></span> <span class='ocrx_word' id='word_1_213' title='bbox 778 3473 929 3559; x_wconf 83' lang='lat' dir='ltr'><strong>vulgatum</strong></span> <span class='ocrx_word' id='word_1_214' title='bbox 954 3475 1107 3556; x_wconf 89' lang='lat' dir='ltr'><strong>optionem</strong></span> <span class='ocrx_word' id='word_1_215' title='bbox 1130 3474 1228 3538; x_wconf 89' lang='lat' dir='ltr'><strong>facere</strong></span> 
     </span>
     <span class='ocr_line' id='line_1_27' title="bbox 92 3587 1228 3679; baseline -0.008 -19"><span class='ocrx_word' id='word_1_216' title='bbox 92 3617 155 3660; x_wconf 90' lang='lat' dir='ltr'><strong>non</strong></span> <span class='ocrx_word' id='word_1_217' title='bbox 177 3596 312 3661; x_wconf 89' lang='lat' dir='ltr'><strong>auderet.</strong></span> <span class='ocrx_word' id='word_1_218' title='bbox 359 3593 420 3661; x_wconf 84' lang='lat' dir='ltr'><strong>Oui</strong></span> <span class='ocrx_word' id='word_1_219' title='bbox 441 3594 565 3679; x_wconf 88' lang='lat' dir='ltr'><strong>quidem</strong></span> <span class='ocrx_word' id='word_1_220' title='bbox 587 3591 725 3679; x_wconf 81' lang='lat' dir='ltr'><strong>quamvis</strong></span> <span class='ocrx_word' id='word_1_221' title='bbox 747 3609 858 3674; x_wconf 83' lang='lat' dir='ltr'><strong>magno</strong></span> <span class='ocrx_word' id='word_1_222' title='bbox 873 3587 991 3652; x_wconf 85' lang='lat' dir='ltr'><strong>Critico</strong></span> <span class='ocrx_word' id='word_1_223' title='bbox 1005 3588 1128 3659; x_wconf 87' lang='lat' dir='ltr'><strong>minime</strong></span> <span class='ocrx_word' id='word_1_224' title='bbox 1144 3588 1228 3670; x_wconf 87' lang='lat' dir='ltr'><strong>equi·</strong></span> 
     </span>
     <span class='ocr_line' id='line_1_28' title="bbox 93 3700 1224 3794; baseline -0.008 -20"><span class='ocrx_word' id='word_1_225' title='bbox 93 3712 162 3774; x_wconf 91' lang='lat' dir='ltr'><strong>dem</strong></span> <span class='ocrx_word' id='word_1_226' title='bbox 176 3711 367 3774; x_wconf 71' lang='lat' dir='ltr'><strong>assenserim.</strong></span> <span class='ocrx_word' id='word_1_227' title='bbox 391 3709 440 3775; x_wconf 82' lang='lat' dir='ltr'><strong>Ex</strong></span> <span class='ocrx_word' id='word_1_228' title='bbox 455 3709 591 3794; x_wconf 82' lang='lat' dir='ltr'><strong>proxime</strong></span> <span class='ocrx_word' id='word_1_229' title='bbox 605 3705 801 3792; x_wconf 89' lang='lat' dir='ltr'><strong>praecedente</strong></span> <span class='ocrx_word' id='word_1_230' title='bbox 824 3703 904 3767; x_wconf 91' lang='lat' dir='ltr'><strong>enim</strong></span> <span class='ocrx_word' id='word_1_231' title='bbox 917 3703 1049 3784; x_wconf 74' lang='grc' dir='ltr'><em>εὐλογία</em></span> <span class='ocrx_word' id='word_1_232' title='bbox 1069 3729 1100 3768; x_wconf 87' lang='grc' dir='ltr'><strong>τ.</strong></span> <span class='ocrx_word' id='word_1_233' title='bbox 1121 3700 1224 3788; x_wconf 83' lang='grc' dir='ltr'><strong>Ἀβρ.</strong></span> 
     </span>
     <span class='ocr_line' id='line_1_29' title="bbox 94 3803 1229 3909; baseline -0.008 -20"><span class='ocrx_word' id='word_1_234' title='bbox 94 3825 171 3889; x_wconf 91' lang='lat' dir='ltr'><strong>male</strong></span> <span class='ocrx_word' id='word_1_235' title='bbox 192 3822 373 3890; x_wconf 86' lang='lat' dir='ltr'><strong>vocabulum</strong></span> <span class='ocrx_word' id='word_1_236' title='bbox 395 3825 550 3909; x_wconf 75' lang='lat' dir='ltr'><strong>repetiisse</strong></span> <span class='ocrx_word' id='word_1_237' title='bbox 571 3820 686 3887; x_wconf 88' lang='lat' dir='ltr'><strong>librarii</strong></span> <span class='ocrx_word' id='word_1_238' title='bbox 710 3803 811 3886; x_wconf 80' lang='lat' dir='ltr'><strong>videri¹</strong></span> <span class='ocrx_word' id='word_1_239' title='bbox 827 3823 963 3904; x_wconf 76' lang='lat' dir='ltr'><strong>poaeunt.</strong></span> <span class='ocrx_word' id='word_1_240' title='bbox 1008 3816 1071 3889; x_wconf 79' lang='lat' dir='ltr'><strong>Qui</strong></span> <span class='ocrx_word' id='word_1_241' title='bbox 1094 3838 1229 3902; x_wconf 81' lang='lat' dir='ltr'><strong>praeser-</strong></span> 
     </span>
     <span class='ocr_line' id='line_1_30' title="bbox 95 3932 1227 4024; baseline -0.006 -20"><span class='ocrx_word' id='word_1_242' title='bbox 95 3941 150 4004; x_wconf 92' lang='lat' dir='ltr'><strong>tim</strong></span> <span class='ocrx_word' id='word_1_243' title='bbox 169 3940 254 4024; x_wconf 74' lang='lat' dir='ltr'><strong>justo</strong></span> <span class='ocrx_word' id='word_1_244' title='bbox 277 3941 402 4005; x_wconf 76' lang='lat' dir='ltr'><strong>tenuius</strong></span> <span class='ocrx_word' id='word_1_245' title='bbox 422 3939 480 4003; x_wconf 89' lang='lat' dir='ltr'><strong>hoo</strong></span> <span class='ocrx_word' id='word_1_246' title='bbox 502 3939 618 4002; x_wconf 92' lang='lat' dir='ltr'><strong>dictum</strong></span> <span class='ocrx_word' id='word_1_247' title='bbox 640 3938 848 4021; x_wconf 85' lang='lat' dir='ltr'><strong>opinarentur,</strong></span> <span class='ocrx_word' id='word_1_248' title='bbox 863 3932 943 4016; x_wconf 90' lang='lat' dir='ltr'><strong>quod</strong></span> <span class='ocrx_word' id='word_1_249' title='bbox 966 3933 1099 4016; x_wconf 81' lang='lat' dir='ltr'><strong>Spiritds</strong></span> <span class='ocrx_word' id='word_1_250' title='bbox 1109 3933 1138 3996; x_wconf 83' lang='lat' dir='ltr'><strong>S.</strong></span> <span class='ocrx_word' id='word_1_251' title='bbox 1148 3954 1227 4017; x_wconf 80' lang='lat' dir='ltr'><strong>pro·</strong></span> 
     </span>
    </p>
   </div>
   <div class='ocr_carea' id='block_1_6' title="bbox 96 4042 1227 4140">
    <p class='ocr_par' dir='ltr' id='par_1_6' title="bbox 96 4042 1227 4140">
     <span class='ocr_line' id='line_1_31' title="bbox 96 4042 1227 4140; baseline -0.004 -20"><span class='ocrx_word' id='word_1_252' title='bbox 96 4059 266 4123; x_wconf 68' lang='lat' dir='ltr'><strong>munionem</strong></span> <span class='ocrx_word' id='word_1_253' title='bbox 307 4062 424 4120; x_wconf 89' lang='lat' dir='ltr'><strong>tantum</strong></span> <span class='ocrx_word' id='word_1_254' title='bbox 462 4054 611 4140; x_wconf 86' lang='lat' dir='ltr'><strong>accepisse</strong></span> <span class='ocrx_word' id='word_1_255' title='bbox 651 4042 839 4118; x_wconf 81' lang='lat' dir='ltr'><strong>Ghrietianoa</strong></span> <span class='ocrx_word' id='word_1_256' title='bbox 880 4051 1050 4116; x_wconf 87' lang='lat' dir='ltr'><strong>affirmaret.</strong></span> <span class='ocrx_word' id='word_1_257' title='bbox 1116 4053 1227 4117; x_wconf 90' lang='lat' dir='ltr'><strong>Nonne</strong></span> 
     </span>
    </p>
   </div>
   <div class='ocr_carea' id='block_1_7' title="bbox 97 4230 241 4240">
    <p class='ocr_par' dir='ltr' id='par_1_7' title="bbox 97 4230 241 4240">
     <span class='ocr_line' id='line_1_32' title="bbox 97 4230 241 4240; baseline -0.014 0"><span class='ocrx_word' id='word_1_258' title='bbox 97 4230 241 4240; x_wconf 70' lang='lat' dir='ltr'><em>——---ae-—-—</em></span> 
     </span>
    </p>
   </div>
   <div class='ocr_carea' id='block_1_8' title="bbox 102 4312 1222 4477">
    <p class='ocr_par' dir='ltr' id='par_1_8' title="bbox 102 4312 1222 4477">
     <span class='ocr_line' id='line_1_33' title="bbox 131 4312 1222 4386; baseline -0.009 -13"><span class='ocrx_word' id='word_1_259' title='bbox 131 4323 170 4386; x_wconf 73' lang='lat' dir='ltr'><strong>ll)</strong></span> <span class='ocrx_word' id='word_1_260' title='bbox 185 4321 247 4373; x_wconf 83' lang='lat' dir='ltr'><strong>vid.</strong></span> <span class='ocrx_word' id='word_1_261' title='bbox 260 4323 329 4373; x_wconf 85' lang='lat' dir='ltr'><strong>illiue</strong></span> <span class='ocrx_word' id='word_1_262' title='bbox 351 4318 420 4385; x_wconf 80' lang='lat' dir='ltr'><strong>Speo.</strong></span> <span class='ocrx_word' id='word_1_263' title='bbox 442 4320 513 4370; x_wconf 78' lang='lat' dir='ltr'><strong>torm.</strong></span> <span class='ocrx_word' id='word_1_264' title='bbox 535 4318 613 4384; x_wconf 80' lang='lat' dir='ltr'><strong>iocup.</strong></span> <span class='ocrx_word' id='word_1_265' title='bbox 638 4318 748 4369; x_wconf 73' lang='lat' dir='ltr'><strong>colidens</strong></span> <span class='ocrx_word' id='word_1_266' title='bbox 770 4315 978 4381; x_wconf 61' lang='lat' dir='ltr'><strong>intepretationem</strong></span> <span class='ocrx_word' id='word_1_267' title='bbox 996 4330 1033 4378; x_wconf 80' lang='lat' dir='ltr'><strong>ep.</strong></span> <span class='ocrx_word' id='word_1_268' title='bbox 1057 4313 1088 4364; x_wconf 85' lang='lat' dir='ltr'><strong>P.</strong></span> <span class='ocrx_word' id='word_1_269' title='bbox 1107 4313 1140 4364; x_wconf 85' lang='lat' dir='ltr'><strong>ed</strong></span> <span class='ocrx_word' id='word_1_270' title='bbox 1166 4312 1222 4365; x_wconf 78' lang='lat' dir='ltr'><strong>Gal.</strong></span> 
     </span>
     <span class='ocr_line' id='line_1_34' title="bbox 102 4413 392 4477; baseline 0 -13"><span class='ocrx_word' id='word_1_271' title='bbox 102 4413 137 4475; x_wconf 74' lang='lat' dir='ltr'><strong>lh.</strong></span> <span class='ocrx_word' id='word_1_272' title='bbox 150 4417 180 4468; x_wconf 85' lang='grc' dir='ltr'><strong>Β.</strong></span> <span class='ocrx_word' id='word_1_273' title='bbox 199 4415 275 4477; x_wconf 83' lang='grc'><strong>1807)</strong></span> <span class='ocrx_word' id='word_1_274' title='bbox 289 4416 320 4465; x_wconf 82' lang='lat' dir='ltr'><strong>ud</strong></span> <span class='ocrx_word' id='word_1_275' title='bbox 335 4415 361 4466; x_wconf 86' lang='lat' dir='ltr'><strong>h.</strong></span> <span class='ocrx_word' id='word_1_276' title='bbox 374 4415 392 4464; x_wconf 78' lang='lat'><strong>1.</strong></span> 
     </span>
    </p>
   </div>
   <div class='ocr_carea' id='block_1_9' title="bbox 0 0 1396 4958">
    <p class='ocr_par' dir='ltr' id='par_1_9' title="bbox 0 0 1396 4958">
     <span class='ocr_line' id='line_1_35' title="bbox 0 0 1396 4958; baseline 0 0"><span class='ocrx_word' id='word_1_277' title='bbox 0 0 1396 4958; x_wconf 95' lang='lat' dir='ltr'><strong> </strong></span> 
     </span>
    </p>
   </div>
  </div>
 </body>
</html>
