2828 4950
518 345 559 387 nn
584 345 686 388 tranis
709 346 903 392 nnmrronss.
1239 332 1280 393 91

143 513 211 596 ipsa
235 511 285 576 viu
306 533 378 596 prae
399 512 526 576 caeteris
540 511 750 596 frequentatus
772 516 862 576 emet.
903 511 990 584 Quae
1004 517 1105 578 tamen
1122 514 1281 598 utriusque

143 627 312 711 synopseos
335 626 612 691 similitudounam
627 627 809 711 alteramque
824 625 915 691 habet
937 629 1154 712 exceptionem.
1179 630 1280 695 Euan·

143 739 294 825 geliornm
317 741 399 804 enim
422 739 479 805 sub
501 743 643 822 initium,
675 741 713 806 ab
743 743 868 823 ordine,
892 743 946 826 qni
973 743 1102 810 Jenensi
1128 745 1282 828 placuerat

143 851 283 935 Oritioo,
314 855 349 919 in
371 856 525 921 nonnullis
555 855 614 921 sibi
636 857 990 942 recedendnmputavit.
1037 858 1106 923 Neo
1132 879 1203 923 vero
1229 881 1282 943 pa·

142 966 278 1032 tiebatur
296 969 431 1034 instituti
453 970 531 1034 ratio
553 970 705 1036 Jocanois
719 993 756 1034 cx
778 970 866 1050 locis,
886 969 968 1054 quod
986 971 1146 1054 aliquoties
1168 972 1281 1038 fecerat

142 1083 207 1160 ille,
234 1083 402 1170 singulares
428 1086 613 1150 constituero
641 1085 813 1162 sectiones}
845 1085 1009 1169 maluitque
1038 1077 1282 1171 igitur,*quarti

142 1197 305 1284 Euangelii
327 1201 423 1280 locos,
443 1200 497 1284 qui
520 1200 645 1264 omnino
667 1179 860 1284 comparandi
892 1200 1080 1280 viderentur,
1114 1202 1195 1286 typis
1226 1203 1281 1267 mi·

141 1313 269 1380 nuribus
290 1315 451 1380 distinctos
474 1319 565 1399 atque
589 1315 712 1379 uncinis
734 1314 879 1387 inclusos,
903 1314 1059 1400 aptissima
1087 1317 1208 1399 quaque
1230 1317 1281 1380 vid

141 1428 374 1513 synopticornm
396 1428 473 1494 locis
496 1451 644 1514 apponere
667 1451 737 1494 cnm
755 1431 855 1514 iisque
874 1428 1097 1515 componendos
1112 1429 1279 1495 ostendere.

142 1542 203 1607 Vel
224 1543 268 1607 sic
290 1547 403 1618 tamen,
429 1564 499 1608 oum
521 1544 676 1628 integrum
692 1544 822 1609 rotinere
848 1544 938 1608 vellet
959 1544 1135 1609 Sectionum
1158 1545 1279 1612 Gries·

142 1654 431 1722 bachianarum
454 1678 631 1736 numerum,
660 1656 788 1723 subinde
810 1657 925 1722 lactum
949 1661 996 1721 est
1017 1662 1053 1722 ut
1074 1657 1108 1722 in
1130 1655 1217 1721 binas
1239 1643 1278 1720 il·

141 1769 239 1836 larum
262 1792 324 1835 una
346 1771 446 1855 aliqua
468 1770 676 1838 distribuenda
699 1776 790 1838 esset.
820 1806 864 1820 -—
884 1772 969 1837 Tum
998 1772 1187 1839 fundamenti
1211 1773 1277 1838 loeo

141 1885 246 1948 textus
267 1906 332 1951 eam
355 1883 413 1951 sibi
435 1885 562 1959 formam
585 1884 752 1951 habendam
774 1885 904 1970 putavit,
940 1907 1030 1970 quam
1052 1888 1086 1951 in
1109 1886 1203 1953 uara
1233 1887 1276 1953 N.

141 1999 181 2065 u
206 1999 339 2070 editione
360 2001 426 2084 ipse
448 2001 601 2066 ordinavit
623 1999 929 2080 Griosbachius,
960 2001 1008 2065 vel
1031 2003 1062 2067 in
1086 2004 1277 2071 annotatione

142 2115 180 2179 ad
203 2117 323 2181 tertiam
346 2117 512 2182 editionem
535 2114 681 2200 praetulit
703 2113 917 2178 Schulnius
941 2113 1002 2202 (1).
1111 2093 1113 2095 .

186 2229 302 2296 Verum
327 2232 359 2297 in
382 2231 541 2298 lactucam
562 2231 711 2294 cenatote
733 2228 866 2292 notandd
897 2225 1086 2313 singulisque
1108 2226 1183 2292 locis
1205 2227 1278 2295 sub·
1368 2273 1369 2277 =

137 2343 273 2426 jiciendrt
296 2367 313 2409 a
335 2345 445 2410 Ouitioi
468 2344 611 2411 Jenenaia
640 2344 781 2408 instituto
812 2342 950 2409 diversus
980 2340 1055 2407 abiit
1081 2343 1136 2408 An
1144 2363 1274 2426 genus.

140 2457 202 2523 Ille
233 2459 315 2522 enim
344 2459 442 2542 ipsos,
474 2460 529 2542 qui
560 2458 639 2522 hanc
661 2457 780 2523 illamve
811 2456 1075 2532 commendarent,
1110 2477 1127 2521 u
1157 2458 1277 2541 receptd

140 2571 289 2637 diversam
317 2571 497 2650 lectionem,
529 2569 707 2638 nominatim
738 2576 954 2648 memoraverat
984 2576 1095 2648 testes,
1126 2570 1274 2649 Codices,

140 2686 322 2762 versiones,
353 2688 474 2768 Patres,
508 2686 637 2753 subinde
667 2688 759 2752 etiarn
782 2686 861 2751 Edd.
887 2686 1051 2771 principes.
1099 2683 1275 2762 Hicesio,

138 2803 274 2886 ipsorum
295 2799 417 2865 illorum
432 2802 556 2865 testium
579 2799 664 2865 nulld
680 2800 856 2884 plerumque
879 2800 992 2864 disertd
1013 2801 1168 2864 mentone
1182 2799 1273 2876 facit,

138 2917 184 2980 sic
213 2917 315 2999 potins
344 2915 402 2979 sibi
433 2937 496 2980 rem
526 2914 743 2980 instituendam
767 2915 885 2999 putavit
913 2935 1043 2997 suasque
1073 2914 1277 2978 annotationis

138 3030 216 3108 fines
237 3028 540 3104 circumscribendos,
566 3034 602 3096 ot
623 3030 763 3095 universe
787 3033 905 3095 tantum
935 3028 1171 3114 significaretur,
1200 3049 1276 3112 quae

139 3143 187 3209 vel
209 3145 241 3209 in
264 3144 466 3210 Elzevtra‘anct
490 3144 537 3209 vel
558 3145 591 3208 in
614 3142 811 3209 nobilissimis
825 3142 950 3228 hujusce
965 3144 1072 3208 aetatis
1092 3141 1276 3235 editionibus

138 3259 256 3324 criticis
277 3259 422 3323 lectiones
443 3262 608 3333 exstarent.
633 3257 671 3323 ab
693 3258 745 3333 iis,
769 3276 844 3340 quas
865 3257 930 3340 ipse
952 3262 1076 3320 secutus
1098 3263 1180 3336 erat,
1212 3256 1274 3320 dis·

137 3376 304 3457 crepantes.
353 3373 572 3448 sumentem,
596 3368 708 3454 quibus
729 3370 761 3434 id
784 3367 908 3433 honoris
929 3368 1095 3452 impertiit,
1126 3370 1275 3436 editiones

138 3488 339 3555 recentiores:
365 3479 600 3555 G'riesbaohii
625 3483 847 3554 Schulaiana
869 3488 900 3547 et
922 3483 1086 3548 Scholzii
1109 3487 1141 3546 et
1160 3483 1274 3548 Lach-

136 3603 266 3667 manni
289 3602 383 3686 major
404 3608 437 3666 et
463 3600 767 3668 Tischen‘dorfii
798 3597 969 3684 capuanus
996 3597 1108 3663 ultera.
1157 3596 1273 3663 Verum

136 3717 247 3802 ipsum.
267 3714 319 3781 hle
349 3715 506 3783 audiamus
534 3714 654 3783 conulii
684 3716 732 3786 sui
767 3715 913 3781 rabonem
948 3718 990 3799 et¹
1008 3713 1208 3803 explicantem
1241 3719 1274 3781 et

140 3908 309 3918 ...----..-.

173 4051 211 4116 (1)
230 4051 307 4115 Quod
318 4054 344 4103 in
357 4052 482 4118 priorali.
492 4051 524 4101 Τ.
535 4050 636 4118 Griepb.
649 4051 732 4103 Temo
747 4055 843 4102 edendo
860 4053 972 4102 substitit
986 4051 1125 4102 Davides
1143 4047 1272 4109 Schulz,

136 4160 320 4212 necunquam
338 4144 436 4195 alterum
457 4144 567 4218 addidit,
595 4145 674 4195 tertiis
692 4145 753 4196 item
778 4144 846 4194 curis
871 4145 1027 4208 expolitum
1053 4140 1139 4193 Celtici
1154 4143 1270 4207 juvenis,

137 4251 217 4303 quern
233 4237 282 4308 sibi
304 4240 336 4288 ad
359 4237 461 4288 difficile
478 4239 526 4288 hoo
543 4240 726 4302 pertexendam
750 4252 857 4301 pensum
873 4238 1015 4302 adjutorem
1037 4239 1091 4288 sore
1111 4245 1270 4308 sperauerat,

135 4337 300 4397 praematuro
315 4331 410 4382 samum
427 4336 465 4381 est
481 4331 562 4381 obitu.
586 4329 672 4392 Quod,
689 4337 747 4383 ante
763 4333 809 4383 hos
825 4332 911 4396 plnres
927 4346 1018 4390 annos,
1037 4345 1122 4382 coram
1140 4315 1202 4382 mibi
1213 4347 1272 4383 ner-

136 4439 197 4476 rars
214 4424 309 4478 Virum
328 4425 506 4490 gravissimum
521 4426 635 4481 memini.
