2782 4958
141 307 161 364 6
634 321 776 365 narseum

140 488 269 562 felicem
294 511 347 560 me
372 484 550 584 reputabo,
573 484 599 559 si
625 511 713 561 nunc
737 485 834 561 etiam
854 484 975 572 δόξαν
995 488 1104 586 παρὰ,
1121 487 1272 587 ἀνθρώ

141 637 222 684 πων
250 610 297 683 od
327 608 599 704 λαμβάνοντα,
632 608 702 683 καὶ
730 611 798 698 τὴν
831 608 952 695 δόξαν
981 613 1049 700 τὴν
1073 610 1176 708 παρὰ
1204 620 1272 687 τοῦ

139 735 263 830 μόνον
291 736 382 807 θεοῦ
403 735 601 821 ζητοῦντα,
622 730 771 832 adeoque
793 732 913 807 Christi
933 734 1063 808 Domini
1085 735 1272 833 exemplum

140 855 288 932 modeste
307 869 341 931 et
362 881 381 930 e
401 855 586 952 longinquo.
600 868 806 955 sequentem,
829 855 1024 947 lectoribus,
1045 857 1105 933 sed
1124 861 1194 933 Deo
1212 860 1271 934 im·

139 979 272 1081 primis,
294 978 432 1055 cordum
454 977 647 1068 scrutatori,
673 1003 725 1051 me
745 978 938 1076 probavero.

185 1348 273 1422 Huic
289 1373 368 1422 vern
380 1347 558 1447 sapientiae
573 1347 768 1448 pietatisque
780 1347 887 1423 officio
900 1347 1056 1446 religiose⁸
1065 1348 1269 1440 satisfacere,

136 1471 212 1546 vide
240 1496 339 1571 quam
367 1469 497 1549 difficile
528 1482 630 1570 atque
652 1470 792 1546 arduum
820 1471 987 1568 Theolngo
1018 1470 1135 1545 reddat
1160 1471 1271 1570 ipsum

136 1597 217 1686 hoc,
240 1595 330 1695 quod
350 1620 449 1694 quam
467 1594 597 1691 &fornia
622 1593 664 1667 sit
689 1593 790 1669 'modo
810 1608 885 1668 ante
907 1595 973 1691 jam
996 1594 1152 1683 diximus,
1175 1595 1272 1668 Secu·

136 1721 210 1792 luna
254 1721 330 1807 Quo
352 1744 419 1792 uno
440 1744 506 1793 non
529 1717 670 1792 multum
686 1718 780 1792 abest
802 1716 882 1817 quin
903 1715 970 1790 duo
988 1715 1118 1791 diversa
1132 1717 1268 1803 Secula,

133 1869 247 1922 secum
266 1843 404 1917 invicem
424 1842 660 1929 concertantia,
678 1841 836 1916 contineri
858 1840 1039 1914 videantur.
1067 1842 1164 1915 Nunc
1181 1841 1270 1916 enim

133 1964 231 2038 sicuti
255 1989 291 2039 se
320 1989 373 2038 res
390 1962 530 2052 habeut,
554 1961 702 2063 plerique
722 1962 897 2061 Theologi,
925 1962 947 2034 ii
975 1976 1084 2052 certe,
1104 1963 1163 2063 qui
1188 1990 1270 2063 prae

133 2088 285 2179 caeteris,
306 2086 387 2161 varii
412 2085 541 2184 generis
562 2085 603 2159 de
617 2084 869 2163 doctriuasacra
890 2085 1021 2184 scriptis
1036 2085 1143 2174 editis,
1159 2087 1271 2161 Theo

133 2213 227 2309 logos
245 2211 460 2298 seselerunt3
483 2208 517 2281 hi
540 2207 655 2306 igitur,
679 2205 828 2308 quamvis
847 2209 963 2285 studiis
978 2211 1063 2284 inter
1082 2237 1118 2284 se
1135 2210 1267 2303 diversi,

132 2337 160 2408 si
178 2335 318 2408 maxime
336 2331 478 2432 generali
495 2338 572 2406 nota
584 2357 640 2406 eos
659 2331 844 2431 discernere
856 2334 971 2433 placat,
989 2333 1022 2405 in
1036 2332 1103 2408 duo
1116 2333 1266 2423 adversa,

132 2457 190 2530 ubi
210 2455 398 2543 militentur,
413 2452 513 2528 veluti
525 2465 633 2526 castra
648 2467 853 2539 secesserunt
868 2455 896 2551 (l
908 2455 934 2552 ).
965 2455 1036 2528 Atti
1059 2482 1078 2529 ν
1098 2457 1267 2532 doctrinae

65 2552 69 2567 Ι
131 2575 488 2654 ecclesiasticaestudio
508 2601 547 2648 ac
558 2576 738 2674 patrocinio
749 2576 875 2651 laudari
889 2579 1018 2668 volunt,
1037 2579 1128 2652 aliia
1147 2580 1266 2654 libera-

131 2703 222 2777 litate
238 2726 277 2775 ac
293 2697 451 2775 sentiendi
464 2699 623 2773 libertate.
648 2699 721 2773 Illis
737 2700 871 2801 antiqua
881 2700 1133 2799 splendent,ln‘s
1147 2728 1265 2777 recen-

131 2824 176 2899 tia
193 2821 345 2897 arrident.
387 2823 598 2920 Quamquam
616 2822 725 2894 neutri
741 2822 819 2896 setis
844 2823 906 2896 sibi
929 2838 1079 2897 constare
1099 2824 1263 2901 videntur.

130 2951 222 3035 Quos
242 2947 328 3020 enim
346 2945 471 3045 priores
495 2944 570 3034 dixi,
593 2945 756 3017 Ecclesiae
777 2944 908 3045 quidem
931 2947 1155 3020 Formulurum
1177 2962 1264 3022 stre-

130 3097 215 3144 nuos
244 3096 279 3144 se
307 3082 462 3167 patronos
494 3067 718 3140 demonstrant
751 3093 790 3140 ac
818 3084 1096 3166 propugnatores,
1134 3069 1191 3142 sed
1220 3072 1262 3144 ab

39 3230 43 3239 ¹
130 3219 243 3269 earum
261 3204 370 3266 mente
391 3217 489 3291 quam
516 3189 612 3288 longe
628 3188 769 3263 subinde
789 3190 957 3283 recedant,
976 3191 1075 3289 nolite
1092 3217 1261 3292 quaerere,

129 3316 228 3405 Quod
251 3312 410 3413 ejusmodi
434 3339 515 3399 sane
540 3325 606 3403 est,
626 3326 675 3386 ut
699 3312 908 3388 vehementer
934 3314 1097 3402 dubitem,
1125 3315 1152 3387 si
1178 3319 1263 3391 forte

130 3443 163 3515 in
182 3442 282 3516 vitam
304 3439 445 3514 revocati
469 3451 578 3510 essem
603 3437 740 3511 Guido
770 3437 815 3510 de
845 3439 945 3510 Bres
973 3451 1006 3511 et
1030 3440 1262 3514 Zacharias

128 3566 312 3654 Ursinus,
342 3588 421 3638 num
446 3559 625 3633 censoriam
656 3560 784 3634 illorum
814 3573 922 3633 notam
956 3561 1099 3658 effugere
1128 3577 1262 3660 possent

129 3686 189 3787 ipsi
210 3688 244 3761 hi
270 3686 338 3760 Viri
362 3683 571 3756 immortales.
621 3685 690 3757 Nec
717 3710 794 3757 vero
817 3711 855 3758 ea
883 3698 1009 3758 tantum
1035 3685 1121 3760 bona
1146 3713 1260 3761 eorum

129 3855 273 3864 -ο--ι--ι

165 3949 213 4019 (1)
233 3947 279 4002 Ad
296 3946 369 4001 hunc
387 3945 471 4001 etiam
496 3945 587 3999 locum
611 3945 776 4018 applicanda
801 3953 882 4014 sunt,
908 3963 982 4018 quae
1006 3962 1095 4017 nuper
1113 3945 1258 4002 verissime

127 4046 199 4101 dixit
218 4046 440 4112 Ullmannus,
459 4045 510 4098 Vir
529 4041 696 4099 clarissimus
710 4045 803 4116 (theol.
818 4045 894 4100 Stuol
912 4065 939 4099 u.
952 4047 1021 4101 Kree.
1037 4041 1116 4100 1852.
1132 4051 1160 4099 3.
1177 4048 1256 4116 570):

127 4169 140 4198 n
150 4146 207 4199 Wtr
225 4151 336 4201 meissen
352 4165 406 4200 rans
423 4148 545 4199 hernuszt
562 4144 682 4212 stetten,
702 4145 773 4198 dass
789 4145 879 4199 solede
895 4144 1018 4211 Gabino,
1037 4145 1147 4199 otwott
1158 4146 1201 4199 νίν
1219 4146 1258 4198 s'm

125 4247 269 4299 »Groszem
290 4246 353 4299 selrr
371 4247 504 4300 bestimmt
521 4244 666 4318 gesondert
683 4243 789 4320 socrdem
812 4244 936 4308 Ῑνδνινκκ,
958 4243 1027 4298 dont
1048 4243 1127 4298 nicht
1147 4243 1259 4298 dberoll

126 4345 228 4398 »durch
241 4366 314 4418 pana
336 4345 445 4417 sclorse
467 4344 644 4398 Grendtnieu
659 4350 789 4415 patrarunt
805 4341 880 4410 sind,
898 4343 1015 4396 eosdm
1035 4346 1067 4397 iss
1086 4343 1257 4400 verschiedn-

126 4463 197 4500 nneo
211 4445 400 4518 Abstufungess
416 4443 476 4498 siclt
490 4443 622 4498 beris'lsrsn
635 4442 696 4497 aad
709 4443 740 4496 ἑν
757 4442 885 4498 dundee
900 4429 1085 4516 desagadessl’
