2782 4958
127 360 167 421 18
615 373 766 417 unanimo

126 542 354 616 Henrieam
375 540 608 613 Iohannem
630 565 764 614 uxorem
782 538 884 628 duait,
900 540 1227 618 Both-Heudrit·

125 664 235 738 seuii
255 663 342 737 iltius
359 662 578 762 filiamquem
597 662 833 742 Nededuudiea
846 664 1100 740 Proteetantium
1110 667 1229 742 Ecetuiu

126 789 182 862 diu
214 790 390 862 Patronum
421 787 546 885 lugebit
571 785 858 885 propensissimum
884 812 923 861 aa
946 789 1229 864 constantissimum

126 914 232 999 Quam
249 912 352 1010 ipsam
368 911 524 1010 uirpinem
539 909 736 984 lectissimam
759 908 819 1007 (sie
838 909 923 982 euim
941 917 1020 1005 jure
1037 930 1111 1008 eam
1131 913 1232 986 auertit

125 1036 314 1133 Heringa
333 1034 407 1134 (t))
426 1035 508 1108 Filio
525 1039 680 1132 junctum
702 1032 740 1105 iri
761 1033 906 1130 impense
928 1033 1087 1109 laetatum
1103 1061 1173 1112 esse
1190 1061 1231 1109 nn·

126 1159 234 1235 vimus
255 1158 543 1258 Royaardsium
569 1159 708 1232 Patrem.
759 1159 865 1244 Quam
892 1157 1025 1257 quidem
1047 1159 1232 1258 exoptatiui·

127 1309 212 1358 mam
233 1288 408 1380 conjugem
426 1306 548 1381 quum,
568 1296 642 1381 poet
659 1283 864 1380 septennium
884 1296 917 1354 et
936 1283 1027 1382 quod
1044 1284 1232 1372 excurrebat,

127 1406 309 1480 tristissimo
328 1407 423 1504 lunge
439 1406 554 1479 iuuere
570 1405 740 1493 extulerat,
756 1405 956 1504 aliquamdiu
972 1406 1107 1506 quidem
1128 1405 1234 1480 vidum

127 1531 194 1629 egit
219 1531 337 1618 vitam,
363 1554 423 1603 nec
449 1554 579 1628 semper
600 1542 709 1603 tamen
739 1528 858 1602 amisso
881 1551 994 1602 carere
1019 1531 1142 1628 potuit,
1168 1528 1235 1631 quad

125 1654 229 1728 seculi
255 1652 378 1727 deliciis
405 1653 502 1751 longe
528 1652 748 1741 anteferebat,
774 1651 896 1751 gaudio
921 1652 1112 1727 domestico.
1161 1653 1236 1742 Quod

128 1777 228 1876 igitur
248 1791 285 1852 ut
307 1776 435 1851 tandem
454 1777 630 1876 aliquando
649 1792 868 1875 recuperaret,
891 1776 1024 1851 ineunte
1046 1803 1134 1852 anno
1152 1779 1236 1864 tsstd

128 1901 230 1976 altera
256 1901 317 1975 sibi
344 1901 537 1975 matrimonii
564 1913 640 1973 vota
662 1897 885 1974 contrahenda
909 1900 1037 1998 putavit
1059 1927 1137 1975 eum
1159 1903 1239 1974 Sart

127 2026 264 2099 Maria
288 2022 653 2123 Swetlengrebel‚
678 2036 774 2120 gente
796 2021 914 2109 nobili,
939 2023 1079 2096 Parente
1101 2038 1236 2124 utraque,

129 2148 334 2223 Christianae
365 2148 494 2246 pietatis
523 2146 679 2245 exemplis
714 2145 791 2234 illis,
825 2145 1017 2242 dignissima
1043 2146 1138 2222 Fitit.
1184 2147 1239 2221 Ner

130 2297 275 2371 unquam
300 2270 479 2370 prudenter
500 2269 587 2369 eapti
610 2269 774 2368 Collegaru
798 2269 959 2368 poenituit
980 2269 1116 2345 venetii.
1164 2271 1241 2357 Quae

130 2396 216 2469 enim
241 2394 368 2484 uxoris,
394 2419 492 2495 quam
514 2394 572 2467 diu
598 2395 742 2480 luxerat,
768 2392 943 2468 deiunctae
965 2393 1181 2468 familiaritate
1192 2415 1239 2466 uer

129 2533 221 2607 erat,
241 2518 323 2591 haec
340 2524 414 2615 ejus
436 2518 595 2592 virtutum
618 2516 779 2592 aemulam
802 2542 838 2590 aa
859 2517 1012 2613 probavit
1031 2515 1236 2616 filiorumque,

129 2640 251 2741 quibus
270 2654 374 2715 morte
389 2639 503 2714 avulsa
518 2655 590 2715 erat
611 2641 681 2725 illa,
702 2642 840 2716 Matrem
857 2641 1030 2740 optimam,
1048 2635 1236 2737 etCunjugir
1271 2648 1274 2709 i

129 2764 161 2835 in
189 2766 330 2863 utrdque
356 2777 443 2838 rorte
469 2763 657 2840 fidissimam
683 2766 770 2841 vitae
795 2764 934 2840 Suriam.
1094 2772 1097 2777 ’

176 3875 246 3945 lam
262 3872 372 3970 igitur,
394 3898 492 3974 quem
510 3872 742 3959 desideramus,
765 3871 930 3968 collegam
954 3881 986 3943 et
1006 3870 1149 3945 Puerum
1166 3879 1233 3991 spat·

128 3995 267 4068 tavimus
291 4010 324 4069 et
356 3997 513 4072 Juvenum
542 4011 575 4072 et
603 3997 733 4085 Virum,
765 3996 798 4066 in
824 4020 863 4068 eo
897 3995 1093 4068 collocatum
1126 3993 1233 4066 honora

128 4119 271 4218 fastigio,
294 4145 360 4220 quo
380 4134 416 4194 ut
438 4119 636 4196 adscendent
663 4143 736 4193 raro
758 4118 948 4215 contingere
972 4118 1056 4190 solet
1078 4115 1178 4191 doctis
1193 4107 1235 4178 ht·

125 4295 267 4309 muna——

165 4421 211 4492 (1)
231 4417 265 4473 In
285 4427 380 4473 anua.
400 4421 436 4472 aa
453 4427 518 4474 oret.
542 4420 572 4473 ee
596 4417 731 4472 Auertere
749 4416 833 4471 neae.
854 4414 1074 4485 aeno-naue.
1100 4407 1185 4485 (aiij.
1205 4391 1233 4453 ,a

126 4520 181 4576 Rh.
210 4521 307 4591 reae),
326 4537 355 4591 p.
377 4525 441 4574 242.
