<?xml version="1.0" encoding="UTF-8"?>
<!DOCTYPE html PUBLIC "-//W3C//DTD XHTML 1.0 Transitional//EN"
    "http://www.w3.org/TR/xhtml1/DTD/xhtml1-transitional.dtd">
<html xmlns="http://www.w3.org/1999/xhtml" xml:lang="en" lang="en">
 <head>
  <title>
</title>
<meta http-equiv="Content-Type" content="text/html;charset=utf-8" />
  <meta name='ocr-system' content='tesseract 3.04.00' />
  <meta name='ocr-capabilities' content='ocr_page ocr_carea ocr_par ocr_line ocrx_word'/>
</head>
<body>
  <div class='ocr_page' id='page_1' title='image "./chartaetheologi00boumgoog_0364.png"; bbox 0 0 2782 4958; ppageno 0'>
   <div class='ocr_carea' id='block_1_1' title="bbox 531 338 1180 401">
    <p class='ocr_par' dir='ltr' id='par_1_1' title="bbox 531 338 1180 401">
     <span class='ocr_line' id='line_1_1' title="bbox 531 338 1180 401; baseline 0.008 -5"><span class='ocrx_word' id='word_1_1' title='bbox 531 355 694 400; x_wconf 82' lang='lat' dir='ltr'>onusuaan.</span> <span class='ocrx_word' id='word_1_2' title='bbox 1117 338 1180 401; x_wconf 87' lang='grc'>153</span> 
     </span>
    </p>
   </div>
   <div class='ocr_carea' id='block_1_2' title="bbox 49 523 1184 840">
    <p class='ocr_par' dir='ltr' id='par_1_2' title="bbox 49 523 1184 840">
     <span class='ocr_line' id='line_1_2' title="bbox 49 523 1184 610; baseline -0.001 -22"><span class='ocrx_word' id='word_1_3' title='bbox 49 524 128 588; x_wconf 91' lang='lat' dir='ltr'>mihi</span> <span class='ocrx_word' id='word_1_4' title='bbox 151 523 386 588; x_wconf 89' lang='lat' dir='ltr'>dissentiendum</span> <span class='ocrx_word' id='word_1_5' title='bbox 408 525 525 610; x_wconf 83' lang='lat' dir='ltr'>putavi3</span> <span class='ocrx_word' id='word_1_6' title='bbox 550 525 689 589; x_wconf 87' lang='lat' dir='ltr'>universe</span> <span class='ocrx_word' id='word_1_7' title='bbox 710 528 810 588; x_wconf 87' lang='lat' dir='ltr'>tamen</span> <span class='ocrx_word' id='word_1_8' title='bbox 833 523 917 600; x_wconf 93' lang='lat' dir='ltr'>boni,</span> <span class='ocrx_word' id='word_1_9' title='bbox 937 525 1080 606; x_wconf 89' lang='lat' dir='ltr'>accurati,</span> <span class='ocrx_word' id='word_1_10' title='bbox 1103 524 1184 588; x_wconf 91' lang='lat' dir='ltr'>docti</span> 
     </span>
     <span class='ocr_line' id='line_1_3' title="bbox 50 637 1184 723; baseline 0 -21"><span class='ocrx_word' id='word_1_11' title='bbox 50 639 226 723; x_wconf 87' lang='lat' dir='ltr'>interpretis</span> <span class='ocrx_word' id='word_1_12' title='bbox 249 660 283 703; x_wconf 92' lang='lat' dir='ltr'>ac</span> <span class='ocrx_word' id='word_1_13' title='bbox 306 640 410 704; x_wconf 86' lang='lat' dir='ltr'>Critici</span> <span class='ocrx_word' id='word_1_14' title='bbox 431 660 556 702; x_wconf 89' lang='lat' dir='ltr'>munere</span> <span class='ocrx_word' id='word_1_15' title='bbox 570 643 601 702; x_wconf 91' lang='lat' dir='ltr'>et</span> <span class='ocrx_word' id='word_1_16' title='bbox 624 639 722 702; x_wconf 87' lang='lat' dir='ltr'>officio</span> <span class='ocrx_word' id='word_1_17' title='bbox 741 637 931 703; x_wconf 75' lang='lat' dir='ltr'>laudabiliter</span> <span class='ocrx_word' id='word_1_18' title='bbox 954 660 1022 703; x_wconf 91' lang='lat' dir='ltr'>eum</span> <span class='ocrx_word' id='word_1_19' title='bbox 1045 638 1184 702; x_wconf 75' lang='lat' dir='ltr'>francium</span> 
     </span>
     <span class='ocr_line' id='line_1_4' title="bbox 52 752 730 840; baseline -0.001 -23"><span class='ocrx_word' id='word_1_20' title='bbox 52 776 129 837; x_wconf 88' lang='lat' dir='ltr'>esse,</span> <span class='ocrx_word' id='word_1_21' title='bbox 155 753 236 818; x_wconf 88' lang='lat' dir='ltr'>haud</span> <span class='ocrx_word' id='word_1_22' title='bbox 259 754 323 818; x_wconf 87' lang='lat' dir='ltr'>sine</span> <span class='ocrx_word' id='word_1_23' title='bbox 349 753 563 840; x_wconf 78' lang='lat' dir='ltr'>approbatione</span> <span class='ocrx_word' id='word_1_24' title='bbox 585 752 730 838; x_wconf 86' lang='lat' dir='ltr'>comperi.</span> 
     </span>
    </p>
   </div>
   <div class='ocr_carea' id='block_1_3' title="bbox 52 1195 1196 2772">
    <p class='ocr_par' dir='ltr' id='par_1_3' title="bbox 52 1195 1196 2772">
     <span class='ocr_line' id='line_1_5' title="bbox 98 1195 1188 1283; baseline -0.003 -19"><span class='ocrx_word' id='word_1_25' title='bbox 98 1202 209 1264; x_wconf 84' lang='lat' dir='ltr'>Verum</span> <span class='ocrx_word' id='word_1_26' title='bbox 242 1197 435 1283; x_wconf 87' lang='lat' dir='ltr'>qualiouique</span> <span class='ocrx_word' id='word_1_27' title='bbox 468 1198 540 1263; x_wconf 90' lang='lat' dir='ltr'>huic</span> <span class='ocrx_word' id='word_1_28' title='bbox 573 1199 609 1264; x_wconf 91' lang='lat' dir='ltr'>de</span> <span class='ocrx_word' id='word_1_29' title='bbox 643 1196 874 1274; x_wconf 77' lang='lat' dir='ltr'>recentissimis,</span> <span class='ocrx_word' id='word_1_30' title='bbox 900 1195 1010 1279; x_wconf 90' lang='lat' dir='ltr'>quibus</span> <span class='ocrx_word' id='word_1_31' title='bbox 1040 1199 1188 1282; x_wconf 80' lang='lat' dir='ltr'>Meyeri</span> 
     </span>
     <span class='ocr_line' id='line_1_6' title="bbox 52 1310 1188 1399; baseline -0.002 -22"><span class='ocrx_word' id='word_1_32' title='bbox 52 1311 251 1377; x_wconf 83' lang='lat' dir='ltr'>Enchiridion</span> <span class='ocrx_word' id='word_1_33' title='bbox 266 1313 481 1399; x_wconf 88' lang='lat' dir='ltr'>locupletatum</span> <span class='ocrx_word' id='word_1_34' title='bbox 497 1319 554 1391; x_wconf 89' lang='lat' dir='ltr'>est,</span> <span class='ocrx_word' id='word_1_35' title='bbox 579 1312 722 1398; x_wconf 83' lang='lat' dir='ltr'>symbolis</span> <span class='ocrx_word' id='word_1_36' title='bbox 737 1311 875 1377; x_wconf 90' lang='lat' dir='ltr'>relationi</span> <span class='ocrx_word' id='word_1_37' title='bbox 897 1310 1027 1376; x_wconf 91' lang='lat' dir='ltr'>multum</span> <span class='ocrx_word' id='word_1_38' title='bbox 1044 1312 1188 1375; x_wconf 90' lang='lat' dir='ltr'>nimium·</span> 
     </span>
     <span class='ocr_line' id='line_1_7' title="bbox 54 1427 1189 1514; baseline 0 -24"><span class='ocrx_word' id='word_1_39' title='bbox 54 1448 114 1510; x_wconf 91' lang='lat' dir='ltr'>que</span> <span class='ocrx_word' id='word_1_40' title='bbox 138 1427 176 1491; x_wconf 90' lang='lat' dir='ltr'>ad</span> <span class='ocrx_word' id='word_1_41' title='bbox 199 1428 403 1512; x_wconf 74' lang='lat' dir='ltr'>integritatem</span> <span class='ocrx_word' id='word_1_42' title='bbox 426 1428 559 1510; x_wconf 85' lang='lat' dir='ltr'>de&#39;e&#39;sset,</span> <span class='ocrx_word' id='word_1_43' title='bbox 584 1429 608 1492; x_wconf 90' lang='lat' dir='ltr'>si</span> <span class='ocrx_word' id='word_1_44' title='bbox 631 1428 718 1514; x_wconf 91' lang='lat' dir='ltr'>plane</span> <span class='ocrx_word' id='word_1_45' title='bbox 743 1429 886 1493; x_wconf 85' lang='lat' dir='ltr'>intactam</span> <span class='ocrx_word' id='word_1_46' title='bbox 911 1430 1189 1514; x_wconf 87' lang='lat' dir='ltr'>Interpretaticnem</span> 
     </span>
     <span class='ocr_line' id='line_1_8' title="bbox 53 1542 1189 1628; baseline -0.001 -21"><span class='ocrx_word' id='word_1_47' title='bbox 53 1542 258 1625; x_wconf 87' lang='lat' dir='ltr'>relinqueret,</span> <span class='ocrx_word' id='word_1_48' title='bbox 285 1546 346 1626; x_wconf 72' lang='lat' dir='ltr'>quia</span> <span class='ocrx_word' id='word_1_49' title='bbox 368 1566 464 1628; x_wconf 82' lang='lat' dir='ltr'>nuper</span> <span class='ocrx_word' id='word_1_50' title='bbox 486 1545 655 1622; x_wconf 75' lang='lat' dir='ltr'>Epistulam</span> <span class='ocrx_word' id='word_1_51' title='bbox 682 1545 724 1608; x_wconf 82' lang='lat' dir='ltr'>ad</span> <span class='ocrx_word' id='word_1_52' title='bbox 747 1545 899 1609; x_wconf 81' lang='lat' dir='ltr'>Hebraeos</span> <span class='ocrx_word' id='word_1_53' title='bbox 929 1544 1047 1607; x_wconf 89' lang='lat' dir='ltr'>ornavit</span> <span class='ocrx_word' id='word_1_54' title='bbox 1068 1545 1189 1607; x_wconf 73' lang='grc'><strong>1111118-</strong></span> 
     </span>
     <span class='ocr_line' id='line_1_9' title="bbox 52 1655 1188 1746; baseline 0.004 -26"><span class='ocrx_word' id='word_1_55' title='bbox 52 1677 220 1720; x_wconf 88' lang='lat' dir='ltr'>mannus</span> <span class='ocrx_word' id='word_1_56' title='bbox 248 1655 309 1743; x_wconf 90' lang='lat' dir='ltr'>(l).</span> <span class='ocrx_word' id='word_1_57' title='bbox 356 1659 448 1741; x_wconf 88' lang='lat' dir='ltr'>Cujus</span> <span class='ocrx_word' id='word_1_58' title='bbox 481 1658 551 1723; x_wconf 88' lang='lat' dir='ltr'>libri</span> <span class='ocrx_word' id='word_1_59' title='bbox 585 1660 676 1725; x_wconf 91' lang='lat' dir='ltr'>titulo</span> <span class='ocrx_word' id='word_1_60' title='bbox 710 1662 862 1746; x_wconf 90' lang='lat' dir='ltr'>inspecto,</span> <span class='ocrx_word' id='word_1_61' title='bbox 898 1661 1076 1746; x_wconf 83' lang='lat' dir='ltr'>Theologiae</span> <span class='ocrx_word' id='word_1_62' title='bbox 1109 1661 1188 1744; x_wconf 91' lang='lat' dir='ltr'>apud</span> 
     </span>
     <span class='ocr_line' id='line_1_10' title="bbox 55 1771 1190 1859; baseline 0.001 -24"><span class='ocrx_word' id='word_1_63' title='bbox 55 1771 285 1855; x_wconf 87' lang='lat' dir='ltr'>Goettiugenses</span> <span class='ocrx_word' id='word_1_64' title='bbox 308 1772 528 1838; x_wconf 83' lang='lat' dir='ltr'>Professoribus</span> <span class='ocrx_word' id='word_1_65' title='bbox 544 1780 624 1839; x_wconf 81' lang='lat' dir='ltr'>extra</span> <span class='ocrx_word' id='word_1_66' title='bbox 647 1776 782 1838; x_wconf 86' lang='lat' dir='ltr'>ordinem</span> <span class='ocrx_word' id='word_1_67' title='bbox 798 1775 980 1859; x_wconf 88' lang='lat' dir='ltr'>adscriptum</span> <span class='ocrx_word' id='word_1_68' title='bbox 1002 1796 1064 1838; x_wconf 88' lang='lat' dir='ltr'>esse</span> <span class='ocrx_word' id='word_1_69' title='bbox 1086 1775 1190 1838; x_wconf 87' lang='lat' dir='ltr'>Virum</span> 
     </span>
     <span class='ocr_line' id='line_1_11' title="bbox 54 1886 1191 1971; baseline 0 -21"><span class='ocrx_word' id='word_1_70' title='bbox 54 1886 263 1950; x_wconf 86' lang='lat' dir='ltr'>doctissimum</span> <span class='ocrx_word' id='word_1_71' title='bbox 286 1888 438 1971; x_wconf 89' lang='lat' dir='ltr'>comperi,</span> <span class='ocrx_word' id='word_1_72' title='bbox 463 1909 497 1951; x_wconf 90' lang='lat' dir='ltr'>ac</span> <span class='ocrx_word' id='word_1_73' title='bbox 524 1909 602 1952; x_wconf 91' lang='lat' dir='ltr'>novo</span> <span class='ocrx_word' id='word_1_74' title='bbox 631 1888 688 1951; x_wconf 91' lang='lat' dir='ltr'>hoc</span> <span class='ocrx_word' id='word_1_75' title='bbox 710 1888 837 1953; x_wconf 89' lang='lat' dir='ltr'>laetatus</span> <span class='ocrx_word' id='word_1_76' title='bbox 860 1910 926 1952; x_wconf 88' lang='lat' dir='ltr'>sum</span> <span class='ocrx_word' id='word_1_77' title='bbox 949 1886 1073 1963; x_wconf 88' lang='lat' dir='ltr'>honore,</span> <span class='ocrx_word' id='word_1_78' title='bbox 1099 1908 1191 1969; x_wconf 90' lang='lat' dir='ltr'>quem</span> 
     </span>
     <span class='ocr_line' id='line_1_12' title="bbox 57 2000 1193 2086; baseline 0.001 -22"><span class='ocrx_word' id='word_1_79' title='bbox 57 2001 92 2064; x_wconf 90' lang='lat' dir='ltr'>in</span> <span class='ocrx_word' id='word_1_80' title='bbox 116 2021 187 2064; x_wconf 91' lang='lat' dir='ltr'>eum</span> <span class='ocrx_word' id='word_1_81' title='bbox 210 2000 366 2064; x_wconf 83' lang='lat' dir='ltr'>Academia</span> <span class='ocrx_word' id='word_1_82' title='bbox 387 2003 495 2066; x_wconf 89' lang='lat' dir='ltr'>merito</span> <span class='ocrx_word' id='word_1_83' title='bbox 517 2002 648 2068; x_wconf 88' lang='lat' dir='ltr'>contulit</span> <span class='ocrx_word' id='word_1_84' title='bbox 667 2005 793 2086; x_wconf 71' lang='lat' dir='ltr'>Georqia</span> <span class='ocrx_word' id='word_1_85' title='bbox 814 2008 961 2085; x_wconf 64' lang='lat' dir='ltr'>Aspasia.</span> <span class='ocrx_word' id='word_1_86' title='bbox 1011 2004 1076 2076; x_wconf 81' lang='lat' dir='ltr'>Qut</span> <span class='ocrx_word' id='word_1_87' title='bbox 1099 2002 1136 2065; x_wconf 91' lang='lat' dir='ltr'>de</span> <span class='ocrx_word' id='word_1_88' title='bbox 1159 2023 1193 2065; x_wconf 90' lang='lat' dir='ltr'>re</span> 
     </span>
     <span class='ocr_line' id='line_1_13' title="bbox 59 2114 1192 2200; baseline -0.002 -21"><span class='ocrx_word' id='word_1_89' title='bbox 59 2137 123 2180; x_wconf 94' lang='lat' dir='ltr'>non</span> <span class='ocrx_word' id='word_1_90' title='bbox 147 2116 268 2180; x_wconf 83' lang='lat' dir='ltr'>[loetori</span> <span class='ocrx_word' id='word_1_91' title='bbox 291 2116 403 2199; x_wconf 82' lang='lat' dir='ltr'>solum,</span> <span class='ocrx_word' id='word_1_92' title='bbox 420 2117 471 2181; x_wconf 90' lang='lat' dir='ltr'>sed</span> <span class='ocrx_word' id='word_1_93' title='bbox 493 2114 604 2180; x_wconf 87' lang='lat' dir='ltr'>illustri</span> <span class='ocrx_word' id='word_1_94' title='bbox 628 2117 718 2181; x_wconf 90' lang='lat' dir='ltr'>etiam</span> <span class='ocrx_word' id='word_1_95' title='bbox 733 2115 805 2180; x_wconf 90' lang='lat' dir='ltr'>huic</span> <span class='ocrx_word' id='word_1_96' title='bbox 819 2117 1025 2180; x_wconf 87' lang='lat' dir='ltr'>doctrinarum</span> <span class='ocrx_word' id='word_1_97' title='bbox 1045 2115 1109 2178; x_wconf 91' lang='lat' dir='ltr'>sedi</span> <span class='ocrx_word' id='word_1_98' title='bbox 1125 2135 1192 2200; x_wconf 85' lang='lat' dir='ltr'>gra·</span> 
     </span>
     <span class='ocr_line' id='line_1_14' title="bbox 58 2228 1191 2314; baseline -0.001 -22"><span class='ocrx_word' id='word_1_99' title='bbox 58 2228 205 2294; x_wconf 85' lang='lat' dir='ltr'>tulamur.</span> <span class='ocrx_word' id='word_1_100' title='bbox 254 2230 319 2294; x_wconf 81' lang='lat' dir='ltr'>Alis</span> <span class='ocrx_word' id='word_1_101' title='bbox 342 2231 423 2294; x_wconf 90' lang='lat' dir='ltr'>euim</span> <span class='ocrx_word' id='word_1_102' title='bbox 446 2253 484 2294; x_wconf 88' lang='lat' dir='ltr'>ue</span> <span class='ocrx_word' id='word_1_103' title='bbox 507 2252 680 2307; x_wconf 89' lang='lat' dir='ltr'>memorem,</span> <span class='ocrx_word' id='word_1_104' title='bbox 706 2237 775 2295; x_wconf 89' lang='lat' dir='ltr'>ante</span> <span class='ocrx_word' id='word_1_105' title='bbox 805 2230 858 2294; x_wconf 91' lang='lat' dir='ltr'>hos</span> <span class='ocrx_word' id='word_1_106' title='bbox 881 2228 981 2314; x_wconf 87' lang='lat' dir='ltr'>plures</span> <span class='ocrx_word' id='word_1_107' title='bbox 999 2229 1061 2312; x_wconf 87' lang='lat' dir='ltr'>jam</span> <span class='ocrx_word' id='word_1_108' title='bbox 1084 2249 1191 2304; x_wconf 86' lang='lat' dir='ltr'>anuos,</span> 
     </span>
     <span class='ocr_line' id='line_1_15' title="bbox 57 2344 1192 2425; baseline 0 -19"><span class='ocrx_word' id='word_1_109' title='bbox 57 2344 166 2408; x_wconf 79' lang='lat' dir='ltr'>Paulli</span> <span class='ocrx_word' id='word_1_110' title='bbox 187 2345 229 2408; x_wconf 80' lang='lat' dir='ltr'>ad</span> <span class='ocrx_word' id='word_1_111' title='bbox 248 2344 457 2425; x_wconf 78' lang='lat' dir='ltr'>Plilippeaaes</span> <span class='ocrx_word' id='word_1_112' title='bbox 474 2346 643 2424; x_wconf 75' lang='lat' dir='ltr'>Epistulam</span> <span class='ocrx_word' id='word_1_113' title='bbox 664 2354 765 2410; x_wconf 78' lang='lat' dir='ltr'>coatia</span> <span class='ocrx_word' id='word_1_114' title='bbox 787 2348 820 2408; x_wconf 88' lang='lat' dir='ltr'>F.</span> <span class='ocrx_word' id='word_1_115' title='bbox 844 2346 878 2412; x_wconf 87' lang='lat' dir='ltr'>C.</span> <span class='ocrx_word' id='word_1_116' title='bbox 907 2344 1091 2408; x_wconf 87' lang='lat' dir='ltr'>Baurium</span> <span class='ocrx_word' id='word_1_117' title='bbox 1119 2348 1192 2407; x_wconf 87' lang='lat' dir='ltr'>stre·</span> 
     </span>
     <span class='ocr_line' id='line_1_16' title="bbox 59 2456 1196 2546; baseline -0.001 -26"><span class='ocrx_word' id='word_1_118' title='bbox 59 2479 121 2521; x_wconf 88' lang='lat' dir='ltr'>nne</span> <span class='ocrx_word' id='word_1_119' title='bbox 143 2459 320 2546; x_wconf 60' lang='lat' dir='ltr'>effetatae</span> <span class='ocrx_word' id='word_1_120' title='bbox 341 2461 403 2543; x_wconf 75' lang='grc'><strong>(1).</strong></span> <span class='ocrx_word' id='word_1_121' title='bbox 451 2460 517 2534; x_wconf 85' lang='lat' dir='ltr'>Quo</span> <span class='ocrx_word' id='word_1_122' title='bbox 543 2460 703 2543; x_wconf 90' lang='lat' dir='ltr'>inpenso,</span> <span class='ocrx_word' id='word_1_123' title='bbox 729 2459 838 2542; x_wconf 85' lang='lat' dir='ltr'>passim</span> <span class='ocrx_word' id='word_1_124' title='bbox 861 2456 1056 2536; x_wconf 88' lang='lat' dir='ltr'>testantibus,</span> <span class='ocrx_word' id='word_1_125' title='bbox 1080 2456 1134 2541; x_wconf 89' lang='lat' dir='ltr'>qui</span> <span class='ocrx_word' id='word_1_126' title='bbox 1156 2457 1196 2520; x_wconf 91' lang='lat' dir='ltr'>de</span> 
     </span>
     <span class='ocr_line' id='line_1_17' title="bbox 58 2569 1195 2656; baseline 0 -22"><span class='ocrx_word' id='word_1_127' title='bbox 58 2570 206 2656; x_wconf 86' lang='lat' dir='ltr'>opusculo</span> <span class='ocrx_word' id='word_1_128' title='bbox 229 2570 411 2653; x_wconf 87' lang='lat' dir='ltr'>retulerunt,</span> <span class='ocrx_word' id='word_1_129' title='bbox 433 2573 508 2638; x_wconf 89' lang='lat' dir='ltr'>Viris</span> <span class='ocrx_word' id='word_1_130' title='bbox 530 2571 669 2648; x_wconf 78' lang='lat' dir='ltr'>eruditio,</span> <span class='ocrx_word' id='word_1_131' title='bbox 687 2572 856 2656; x_wconf 90' lang='lat' dir='ltr'>perspicue,</span> <span class='ocrx_word' id='word_1_132' title='bbox 878 2576 1025 2648; x_wconf 89' lang='lat' dir='ltr'>accurate,</span> <span class='ocrx_word' id='word_1_133' title='bbox 1043 2569 1195 2656; x_wconf 89' lang='lat' dir='ltr'>eleganter</span> 
     </span>
     <span class='ocr_line' id='line_1_18' title="bbox 58 2681 1196 2772; baseline -0.002 -23"><span class='ocrx_word' id='word_1_134' title='bbox 58 2707 94 2750; x_wconf 88' lang='lat' dir='ltr'>ac</span> <span class='ocrx_word' id='word_1_135' title='bbox 117 2683 267 2749; x_wconf 86' lang='lat' dir='ltr'>subtiliter</span> <span class='ocrx_word' id='word_1_136' title='bbox 290 2691 422 2750; x_wconf 89' lang='lat' dir='ltr'>versatus</span> <span class='ocrx_word' id='word_1_137' title='bbox 445 2693 508 2751; x_wconf 87' lang='lat' dir='ltr'>erat</span> <span class='ocrx_word' id='word_1_138' title='bbox 528 2688 592 2772; x_wconf 87' lang='lat'>(3).</span> <span class='ocrx_word' id='word_1_139' title='bbox 637 2689 682 2750; x_wconf 86' lang='lat' dir='ltr'>llx</span> <span class='ocrx_word' id='word_1_140' title='bbox 708 2706 863 2769; x_wconf 85' lang='lat' dir='ltr'>quo-vero</span> <span class='ocrx_word' id='word_1_141' title='bbox 893 2681 1025 2769; x_wconf 85' lang='lat' dir='ltr'>temporo</span> <span class='ocrx_word' id='word_1_142' title='bbox 1048 2688 1196 2767; x_wconf 88' lang='lat' dir='ltr'>quantum</span> 
     </span>
    </p>
   </div>
   <div class='ocr_carea' id='block_1_4' title="bbox 59 2799 1200 3460">
    <p class='ocr_par' dir='ltr' id='par_1_4' title="bbox 59 2799 1200 3460">
     <span class='ocr_line' id='line_1_19' title="bbox 59 2799 1196 2886; baseline 0.001 -24"><span class='ocrx_word' id='word_1_143' title='bbox 59 2799 97 2863; x_wconf 89' lang='lat' dir='ltr'>ad</span> <span class='ocrx_word' id='word_1_144' title='bbox 121 2799 274 2863; x_wconf 85' lang='lat' dir='ltr'>doctrinae</span> <span class='ocrx_word' id='word_1_145' title='bbox 296 2803 500 2865; x_wconf 86' lang='lat' dir='ltr'>maturitatem</span> <span class='ocrx_word' id='word_1_146' title='bbox 524 2823 557 2866; x_wconf 89' lang='lat' dir='ltr'>ac</span> <span class='ocrx_word' id='word_1_147' title='bbox 588 2801 705 2886; x_wconf 90' lang='lat' dir='ltr'>copiam</span> <span class='ocrx_word' id='word_1_148' title='bbox 734 2802 909 2886; x_wconf 87' lang='lat' dir='ltr'>profecisset</span> <span class='ocrx_word' id='word_1_149' title='bbox 929 2799 1118 2865; x_wconf 90' lang='lat' dir='ltr'>luculentum</span> <span class='ocrx_word' id='word_1_150' title='bbox 1140 2822 1196 2863; x_wconf 90' lang='lat' dir='ltr'>no·</span> 
     </span>
     <span class='ocr_line' id='line_1_20' title="bbox 59 2910 1196 3000; baseline 0.004 -24"><span class='ocrx_word' id='word_1_151' title='bbox 59 2910 108 2976; x_wconf 87' lang='lat' dir='ltr'>bis</span> <span class='ocrx_word' id='word_1_152' title='bbox 134 2913 341 2977; x_wconf 87' lang='lat' dir='ltr'>testimonium</span> <span class='ocrx_word' id='word_1_153' title='bbox 364 2914 479 2997; x_wconf 84' lang='lat' dir='ltr'>edidit,</span> <span class='ocrx_word' id='word_1_154' title='bbox 504 2915 540 2979; x_wconf 90' lang='lat' dir='ltr'>de</span> <span class='ocrx_word' id='word_1_155' title='bbox 571 2937 630 3000; x_wconf 91' lang='lat' dir='ltr'>quo</span> <span class='ocrx_word' id='word_1_156' title='bbox 660 2922 746 2981; x_wconf 88' lang='lat' dir='ltr'>antea</span> <span class='ocrx_word' id='word_1_157' title='bbox 773 2915 885 2998; x_wconf 88' lang='lat' dir='ltr'>retuli,</span> <span class='ocrx_word' id='word_1_158' title='bbox 910 2917 1141 2982; x_wconf 88' lang='lat' dir='ltr'>commentarius</span> <span class='ocrx_word' id='word_1_159' title='bbox 1162 2917 1196 2980; x_wconf 92' lang='lat' dir='ltr'>in</span> 
     </span>
     <span class='ocr_line' id='line_1_21' title="bbox 60 3025 1197 3114; baseline 0.006 -27"><span class='ocrx_word' id='word_1_160' title='bbox 60 3025 142 3105; x_wconf 76' lang='lat' dir='ltr'>Epp.</span> <span class='ocrx_word' id='word_1_161' title='bbox 172 3028 214 3088; x_wconf 86' lang='lat' dir='ltr'>ad</span> <span class='ocrx_word' id='word_1_162' title='bbox 239 3028 389 3093; x_wconf 75' lang='lat' dir='ltr'>Tlesaall.</span> <span class='ocrx_word' id='word_1_163' title='bbox 438 3029 493 3094; x_wconf 87' lang='lat' dir='ltr'>Cui</span> <span class='ocrx_word' id='word_1_164' title='bbox 527 3050 601 3112; x_wconf 90' lang='lat' dir='ltr'>quas</span> <span class='ocrx_word' id='word_1_165' title='bbox 631 3031 785 3114; x_wconf 78' lang='lat' dir='ltr'>impertiri</span> <span class='ocrx_word' id='word_1_166' title='bbox 815 3029 939 3107; x_wconf 89' lang='lat' dir='ltr'>laudes,</span> <span class='ocrx_word' id='word_1_167' title='bbox 964 3053 1012 3094; x_wconf 90' lang='lat' dir='ltr'>eas</span> <span class='ocrx_word' id='word_1_168' title='bbox 1039 3032 1197 3110; x_wconf 78' lang='lat' dir='ltr'>Epistulae</span> 
     </span>
     <span class='ocr_line' id='line_1_22' title="bbox 62 3141 1200 3231; baseline 0.002 -27"><span class='ocrx_word' id='word_1_169' title='bbox 62 3141 104 3204; x_wconf 85' lang='lat' dir='ltr'>od</span> <span class='ocrx_word' id='word_1_170' title='bbox 134 3141 285 3206; x_wconf 82' lang='lat' dir='ltr'>Hebraeas</span> <span class='ocrx_word' id='word_1_171' title='bbox 318 3164 388 3207; x_wconf 90' lang='lat' dir='ltr'>cum</span> <span class='ocrx_word' id='word_1_172' title='bbox 421 3144 667 3229; x_wconf 89' lang='lat' dir='ltr'>interpretatione</span> <span class='ocrx_word' id='word_1_173' title='bbox 699 3147 794 3231; x_wconf 86' lang='lat' dir='ltr'>magis</span> <span class='ocrx_word' id='word_1_174' title='bbox 817 3145 907 3208; x_wconf 89' lang='lat' dir='ltr'>etiam</span> <span class='ocrx_word' id='word_1_175' title='bbox 937 3144 1200 3213; x_wconf 86' lang='lat' dir='ltr'>communicandas</span> 
     </span>
     <span class='ocr_line' id='line_1_23' title="bbox 61 3256 1198 3344; baseline 0.001 -25"><span class='ocrx_word' id='word_1_176' title='bbox 61 3256 214 3321; x_wconf 87' lang='lat' dir='ltr'>existimo.</span> <span class='ocrx_word' id='word_1_177' title='bbox 263 3258 304 3320; x_wconf 91' lang='lat' dir='ltr'>Ne</span> <span class='ocrx_word' id='word_1_178' title='bbox 339 3257 420 3321; x_wconf 87' lang='lat' dir='ltr'>enim</span> <span class='ocrx_word' id='word_1_179' title='bbox 455 3258 491 3322; x_wconf 91' lang='lat' dir='ltr'>de</span> <span class='ocrx_word' id='word_1_180' title='bbox 521 3260 636 3344; x_wconf 86' lang='lat' dir='ltr'>majore</span> <span class='ocrx_word' id='word_1_181' title='bbox 668 3260 753 3344; x_wconf 91' lang='lat' dir='ltr'>pensi</span> <span class='ocrx_word' id='word_1_182' title='bbox 785 3258 959 3324; x_wconf 90' lang='lat' dir='ltr'>difficultate</span> <span class='ocrx_word' id='word_1_183' title='bbox 988 3259 1084 3322; x_wconf 91' lang='lat' dir='ltr'>dicam</span> <span class='ocrx_word' id='word_1_184' title='bbox 1107 3262 1198 3341; x_wconf 88' lang='lat' dir='ltr'>atque</span> 
     </span>
     <span class='ocr_line' id='line_1_24' title="bbox 63 3370 1198 3460; baseline 0 -24"><span class='ocrx_word' id='word_1_185' title='bbox 63 3370 196 3445; x_wconf 88' lang='lat' dir='ltr'>ambitu;</span> <span class='ocrx_word' id='word_1_186' title='bbox 222 3370 324 3434; x_wconf 87' lang='lat' dir='ltr'>eadem</span> <span class='ocrx_word' id='word_1_187' title='bbox 347 3370 430 3437; x_wconf 90' lang='lat' dir='ltr'>hicce</span> <span class='ocrx_word' id='word_1_188' title='bbox 458 3370 534 3438; x_wconf 89' lang='lat' dir='ltr'>liber</span> <span class='ocrx_word' id='word_1_189' title='bbox 557 3371 666 3456; x_wconf 87' lang='lat' dir='ltr'>habet,</span> <span class='ocrx_word' id='word_1_190' title='bbox 692 3373 802 3458; x_wconf 90' lang='lat' dir='ltr'>quibus</span> <span class='ocrx_word' id='word_1_191' title='bbox 823 3375 958 3460; x_wconf 86' lang='lat' dir='ltr'>superior</span> <span class='ocrx_word' id='word_1_192' title='bbox 980 3373 1033 3439; x_wconf 89' lang='lat' dir='ltr'>ille</span> <span class='ocrx_word' id='word_1_193' title='bbox 1055 3371 1198 3438; x_wconf 87' lang='lat' dir='ltr'>cerneba-</span> 
     </span>
    </p>
   </div>
   <div class='ocr_carea' id='block_1_5' title="bbox 63 3623 1201 4342">
    <p class='ocr_par' dir='ltr' id='par_1_5' title="bbox 63 3623 1198 3875">
     <span class='ocr_line' id='line_1_25' title="bbox 99 3623 1198 3692; baseline -0.003 -15"><span class='ocrx_word' id='word_1_194' title='bbox 99 3627 134 3688; x_wconf 84' lang='grc'>(1)</span> <span class='ocrx_word' id='word_1_195' title='bbox 154 3624 315 3689; x_wconf 74' lang='lat' dir='ltr'>singularem</span> <span class='ocrx_word' id='word_1_196' title='bbox 331 3626 398 3675; x_wconf 87' lang='lat' dir='ltr'>hanc</span> <span class='ocrx_word' id='word_1_197' title='bbox 415 3625 604 3690; x_wconf 83' lang='lat' dir='ltr'>inscriptionem</span> <span class='ocrx_word' id='word_1_198' title='bbox 621 3629 686 3678; x_wconf 91' lang='lat' dir='ltr'>liber</span> <span class='ocrx_word' id='word_1_199' title='bbox 703 3628 795 3679; x_wconf 75' lang='lat' dir='ltr'>habeta</span> <span class='ocrx_word' id='word_1_200' title='bbox 813 3626 882 3677; x_wconf 82' lang='lat' dir='ltr'>Krit.</span> <span class='ocrx_word' id='word_1_201' title='bbox 900 3641 966 3692; x_wconf 75' lang='lat' dir='ltr'>arcp.</span> <span class='ocrx_word' id='word_1_202' title='bbox 987 3623 1088 3675; x_wconf 84' lang='lat' dir='ltr'>Haadd.</span> <span class='ocrx_word' id='word_1_203' title='bbox 1100 3625 1138 3675; x_wconf 77' lang='lat' dir='ltr'>til.</span> <span class='ocrx_word' id='word_1_204' title='bbox 1151 3623 1198 3674; x_wconf 81' lang='lat' dir='ltr'>deo</span> 
     </span>
     <span class='ocr_line' id='line_1_26' title="bbox 64 3714 1197 3782; baseline -0.002 -14"><span class='ocrx_word' id='word_1_205' title='bbox 64 3718 250 3782; x_wconf 79' lang='lat' dir='ltr'>Hebrdertries</span> <span class='ocrx_word' id='word_1_206' title='bbox 257 3733 299 3766; x_wconf 85' lang='lat' dir='ltr'>van</span> <span class='ocrx_word' id='word_1_207' title='bbox 316 3718 366 3768; x_wconf 86' lang='lat' dir='ltr'>Dr.</span> <span class='ocrx_word' id='word_1_208' title='bbox 382 3714 481 3768; x_wconf 88' lang='lat' dir='ltr'>Gottl.</span> <span class='ocrx_word' id='word_1_209' title='bbox 498 3717 697 3782; x_wconf 84' lang='lat' dir='ltr'>Liinemann‚</span> <span class='ocrx_word' id='word_1_210' title='bbox 709 3737 733 3770; x_wconf 91' lang='lat' dir='ltr'>a.</span> <span class='ocrx_word' id='word_1_211' title='bbox 750 3737 771 3770; x_wconf 91' lang='lat' dir='ltr'>o.</span> <span class='ocrx_word' id='word_1_212' title='bbox 781 3719 858 3782; x_wconf 86' lang='lat' dir='ltr'>Pras.</span> <span class='ocrx_word' id='word_1_213' title='bbox 871 3719 914 3769; x_wconf 82' lang='lat' dir='ltr'>der</span> <span class='ocrx_word' id='word_1_214' title='bbox 929 3717 1007 3768; x_wconf 85' lang='lat' dir='ltr'>Tteol.</span> <span class='ocrx_word' id='word_1_215' title='bbox 1020 3735 1052 3768; x_wconf 86' lang='lat' dir='ltr'>aa</span> <span class='ocrx_word' id='word_1_216' title='bbox 1066 3717 1109 3766; x_wconf 89' lang='lat' dir='ltr'>der</span> <span class='ocrx_word' id='word_1_217' title='bbox 1123 3716 1197 3768; x_wconf 82' lang='lat' dir='ltr'>Unio.</span> 
     </span>
     <span class='ocr_line' id='line_1_27' title="bbox 63 3809 360 3875; baseline -0.017 -12"><span class='ocrx_word' id='word_1_218' title='bbox 63 3829 95 3863; x_wconf 65' lang='lat' dir='ltr'>aa</span> <span class='ocrx_word' id='word_1_219' title='bbox 112 3809 190 3875; x_wconf 58' lang='lat' dir='ltr'>&amp;aaa</span> <span class='ocrx_word' id='word_1_220' title='bbox 204 3810 262 3861; x_wconf 73' lang='lat' dir='ltr'>itia.</span> <span class='ocrx_word' id='word_1_221' title='bbox 283 3815 360 3861; x_wconf 84' lang='lat'><strong>1855.</strong></span> 
     </span>
    </p>

    <p class='ocr_par' dir='ltr' id='par_1_6' title="bbox 64 3901 1200 4151">
     <span class='ocr_line' id='line_1_28' title="bbox 99 3901 1200 3970; baseline 0.001 -17"><span class='ocrx_word' id='word_1_222' title='bbox 99 3904 138 3966; x_wconf 81' lang='lat'>(2)</span> <span class='ocrx_word' id='word_1_223' title='bbox 157 3904 210 3953; x_wconf 89' lang='lat' dir='ltr'>Pro</span> <span class='ocrx_word' id='word_1_224' title='bbox 228 3901 383 3965; x_wconf 75' lang='lat' dir='ltr'>defenderat,</span> <span class='ocrx_word' id='word_1_225' title='bbox 401 3905 468 3967; x_wconf 89' lang='lat' dir='ltr'>quod</span> <span class='ocrx_word' id='word_1_226' title='bbox 489 3918 545 3954; x_wconf 88' lang='lat' dir='ltr'>mea</span> <span class='ocrx_word' id='word_1_227' title='bbox 567 3905 609 3955; x_wconf 81' lang='lat' dir='ltr'>hic</span> <span class='ocrx_word' id='word_1_228' title='bbox 632 3905 713 3955; x_wconf 89' lang='lat' dir='ltr'>oratio</span> <span class='ocrx_word' id='word_1_229' title='bbox 732 3905 891 3970; x_wconf 82' lang='lat' dir='ltr'>requirebat,</span> <span class='ocrx_word' id='word_1_230' title='bbox 910 3905 932 3954; x_wconf 83' lang='lat' dir='ltr'>si</span> <span class='ocrx_word' id='word_1_231' title='bbox 957 3905 1071 3968; x_wconf 86' lang='lat' dir='ltr'>posueris</span> <span class='ocrx_word' id='word_1_232' title='bbox 1093 3902 1200 3968; x_wconf 77' lang='lat' dir='ltr'>defendit</span> 
     </span>
     <span class='ocr_line' id='line_1_29' title="bbox 64 3995 1200 4061; baseline 0 -14"><span class='ocrx_word' id='word_1_233' title='bbox 64 4012 94 4047; x_wconf 84' lang='lat' dir='ltr'>ac</span> <span class='ocrx_word' id='word_1_234' title='bbox 111 3996 244 4046; x_wconf 82' lang='lat' dir='ltr'>sustuleris</span> <span class='ocrx_word' id='word_1_235' title='bbox 259 4011 285 4045; x_wconf 78' lang='lat' dir='ltr'>v.</span> <span class='ocrx_word' id='word_1_236' title='bbox 303 4004 409 4057; x_wconf 79' lang='lat' dir='ltr'>strenua,</span> <span class='ocrx_word' id='word_1_237' title='bbox 422 3996 579 4059; x_wconf 87' lang='lat' dir='ltr'>ipsissimum</span> <span class='ocrx_word' id='word_1_238' title='bbox 597 3998 651 4049; x_wconf 86' lang='lat' dir='ltr'>fore</span> <span class='ocrx_word' id='word_1_239' title='bbox 669 3999 772 4049; x_wconf 86' lang='lat' dir='ltr'>titulum</span> <span class='ocrx_word' id='word_1_240' title='bbox 791 3998 970 4061; x_wconf 84' lang='lat' dir='ltr'>disputationis</span> <span class='ocrx_word' id='word_1_241' title='bbox 987 3996 1107 4060; x_wconf 89' lang='lat' dir='ltr'>habebis,</span> <span class='ocrx_word' id='word_1_242' title='bbox 1120 3995 1200 4047; x_wconf 78' lang='lat' dir='ltr'>(loet-</span> 
     </span>
     <span class='ocr_line' id='line_1_30' title="bbox 64 4089 389 4151; baseline -0.012 -11"><span class='ocrx_word' id='word_1_243' title='bbox 64 4091 152 4151; x_wconf 74' lang='lat' dir='ltr'>lingas</span> <span class='ocrx_word' id='word_1_244' title='bbox 170 4103 193 4137; x_wconf 87' lang='lat' dir='ltr'>a.</span> <span class='ocrx_word' id='word_1_245' title='bbox 216 4091 277 4139; x_wconf 81' lang='grc'><strong>1817</strong></span> <span class='ocrx_word' id='word_1_246' title='bbox 298 4089 389 4138; x_wconf 82' lang='lat' dir='ltr'>aditae.</span> 
     </span>
    </p>

    <p class='ocr_par' dir='ltr' id='par_1_7' title="bbox 66 4181 1201 4342">
     <span class='ocr_line' id='line_1_31' title="bbox 99 4181 1200 4250; baseline 0.001 -19"><span class='ocrx_word' id='word_1_247' title='bbox 99 4181 192 4245; x_wconf 73' lang='grc'><strong>13111.</strong></span> <span class='ocrx_word' id='word_1_248' title='bbox 213 4181 352 4232; x_wconf 87' lang='lat' dir='ltr'>Brunsii</span> <span class='ocrx_word' id='word_1_249' title='bbox 378 4187 403 4231; x_wconf 86' lang='lat' dir='ltr'>et</span> <span class='ocrx_word' id='word_1_250' title='bbox 426 4181 563 4233; x_wconf 82' lang='lat' dir='ltr'>H&#39;dfneri</span> <span class='ocrx_word' id='word_1_251' title='bbox 588 4198 656 4234; x_wconf 84' lang='lat' dir='ltr'>naues</span> <span class='ocrx_word' id='word_1_252' title='bbox 673 4182 770 4250; x_wconf 80' lang='lat' dir='ltr'>Repert.</span> <span class='ocrx_word' id='word_1_253' title='bbox 788 4187 820 4234; x_wconf 88' lang='lat' dir='ltr'>ad</span> <span class='ocrx_word' id='word_1_254' title='bbox 844 4201 877 4236; x_wconf 87' lang='lat' dir='ltr'>m.</span> <span class='ocrx_word' id='word_1_255' title='bbox 896 4185 1007 4248; x_wconf 83' lang='lat' dir='ltr'>August.</span> <span class='ocrx_word' id='word_1_256' title='bbox 1028 4187 1103 4245; x_wconf 87' lang='grc'><strong>1847,</strong></span> <span class='ocrx_word' id='word_1_257' title='bbox 1122 4199 1146 4248; x_wconf 89' lang='lat' dir='ltr'>p.</span> <span class='ocrx_word' id='word_1_258' title='bbox 1166 4187 1200 4232; x_wconf 77' lang='lat'>97</span> 
     </span>
     <span class='ocr_line' id='line_1_32' title="bbox 66 4271 1201 4342; baseline 0.002 -18"><span class='ocrx_word' id='word_1_259' title='bbox 66 4287 136 4339; x_wconf 86' lang='lat' dir='ltr'>sqq.;</span> <span class='ocrx_word' id='word_1_260' title='bbox 155 4299 187 4309; x_wconf 92' lang='lat'>-·</span> <span class='ocrx_word' id='word_1_261' title='bbox 206 4271 397 4334; x_wconf 88' lang='lat' dir='ltr'>Guerikius,</span> <span class='ocrx_word' id='word_1_262' title='bbox 415 4275 440 4324; x_wconf 90' lang='lat' dir='ltr'>in</span> <span class='ocrx_word' id='word_1_263' title='bbox 459 4274 678 4325; x_wconf 86' lang='lat' dir='ltr'>Rudelbaohii</span> <span class='ocrx_word' id='word_1_264' title='bbox 695 4277 782 4342; x_wconf 76' lang='lat' dir='ltr'>suique</span> <span class='ocrx_word' id='word_1_265' title='bbox 797 4278 918 4342; x_wconf 85' lang='lat' dir='ltr'>Ephem.:</span> <span class='ocrx_word' id='word_1_266' title='bbox 937 4276 1128 4341; x_wconf 68' lang='lat' dir='ltr'>Zedscdafld.</span> <span class='ocrx_word' id='word_1_267' title='bbox 1142 4274 1201 4326; x_wconf 75' lang='lat' dir='ltr'>last.</span> 
     </span>
    </p>
   </div>
   <div class='ocr_carea' id='block_1_6' title="bbox 65 4365 1204 4524">
    <p class='ocr_par' dir='ltr' id='par_1_8' title="bbox 65 4365 1204 4524">
     <span class='ocr_line' id='line_1_33' title="bbox 65 4365 1204 4436; baseline 0.003 -20"><span class='ocrx_word' id='word_1_268' title='bbox 65 4365 168 4424; x_wconf 84' lang='lat' dir='ltr'>Kircie,</span> <span class='ocrx_word' id='word_1_269' title='bbox 189 4371 261 4415; x_wconf 86' lang='lat'>1848.</span> <span class='ocrx_word' id='word_1_270' title='bbox 283 4371 305 4423; x_wconf 89' lang='lat' dir='ltr'>l,</span> <span class='ocrx_word' id='word_1_271' title='bbox 322 4382 348 4430; x_wconf 87' lang='lat' dir='ltr'>p.</span> <span class='ocrx_word' id='word_1_272' title='bbox 369 4370 429 4426; x_wconf 80' lang='lat' dir='ltr'>rtt;</span> <span class='ocrx_word' id='word_1_273' title='bbox 445 4374 544 4417; x_wconf 90' lang='lat' dir='ltr'>-tam</span> <span class='ocrx_word' id='word_1_274' title='bbox 563 4368 616 4432; x_wconf 88' lang='lat' dir='ltr'>ipse</span> <span class='ocrx_word' id='word_1_275' title='bbox 634 4369 802 4434; x_wconf 87' lang='lat' dir='ltr'>Meyerus,</span> <span class='ocrx_word' id='word_1_276' title='bbox 821 4379 957 4422; x_wconf 87' lang='lat' dir='ltr'>comment.</span> <span class='ocrx_word' id='word_1_277' title='bbox 976 4372 1001 4421; x_wconf 89' lang='lat' dir='ltr'>in</span> <span class='ocrx_word' id='word_1_278' title='bbox 1019 4369 1073 4436; x_wconf 85' lang='lat' dir='ltr'>Ep.</span> <span class='ocrx_word' id='word_1_279' title='bbox 1092 4369 1126 4420; x_wconf 88' lang='lat' dir='ltr'>ud</span> <span class='ocrx_word' id='word_1_280' title='bbox 1137 4367 1204 4421; x_wconf 84' lang='lat' dir='ltr'>Pli-</span> 
     </span>
     <span class='ocr_line' id='line_1_34' title="bbox 67 4458 365 4524; baseline 0 -16"><span class='ocrx_word' id='word_1_281' title='bbox 67 4458 137 4524; x_wconf 81' lang='lat' dir='ltr'>lipp.‚</span> <span class='ocrx_word' id='word_1_282' title='bbox 155 4459 278 4510; x_wconf 78' lang='lat' dir='ltr'>introitus</span> <span class='ocrx_word' id='word_1_283' title='bbox 298 4475 323 4524; x_wconf 89' lang='lat' dir='ltr'>p.</span> <span class='ocrx_word' id='word_1_284' title='bbox 342 4465 365 4509; x_wconf 81' lang='lat'>5.</span> 
     </span>
    </p>
   </div>
   <div class='ocr_carea' id='block_1_7' title="bbox 0 0 1416 4958">
    <p class='ocr_par' dir='ltr' id='par_1_9' title="bbox 0 0 1416 4958">
     <span class='ocr_line' id='line_1_35' title="bbox 0 0 1416 4958; baseline 0 0"><span class='ocrx_word' id='word_1_285' title='bbox 0 0 1416 4958; x_wconf 95' lang='lat' dir='ltr'> </span> 
     </span>
    </p>
   </div>
  </div>
 </body>
</html>
