2782 4958
548 343 588 385 nn
611 342 808 386 norannnsrc.
1209 326 1244 389 ll

112 511 335 599 nuncetiam,
363 524 498 584 vacante
523 510 631 583 denuo
657 511 833 600 cathedra,
856 537 914 609 pro
939 536 1028 585 more
1052 514 1159 588 lacere
1184 541 1249 588 non

111 635 252 707 dubitat.
292 633 406 722 »Ouid
424 659 496 705 uero
517 635 687 732 quuauis?‘’
708 637 848 708 Patrono
872 638 998 733 roganti
1025 639 1095 711 sine
1113 639 1251 712 baesita-

111 761 202 831 tione
227 758 356 856 reponit
384 759 578 856 Heringa,
615 786 736 857 >tneque
764 763 847 831 enim
877 762 1038 833 meliorent
1065 789 1251 861 quemquam

107 883 277 952 uiuueuies
325 879 537 954 Candidatuna
578 909 633 953 nec
669 885 771 980 potius
810 885 1102 974 commendandum,
1154 913 1249 984 quom

109 1005 404 1104 »Royaardsii,
425 1005 570 1103 Collegae
596 1008 672 1094 met,
700 1007 820 1078 Filium
837 1008 1015 1104 juoaucm.'’
1041 1010 1126 1082 Huic
1146 1014 1250 1108 potis·

110 1130 233 1201 simum
261 1155 337 1201 eum
368 1129 538 1228 suffragari
576 1130 785 1203 vehementer
815 1131 923 1218 mirari
957 1134 1248 1208 Van-Nessius.

110 1258 230 1353 Neque
255 1255 360 1343 enim,
382 1280 466 1353 quae
492 1254 587 1326 binos
609 1254 712 1340 inter,
737 1280 821 1353 quos
840 1253 924 1341 dixi,
948 1254 1144 1353 Theologiae
1166 1258 1250 1328 Pro·

112 1378 255 1450 sessores
289 1377 621 1473 Rheno-Trajectinos
659 1402 723 1448 non
760 1377 804 1448 ita
837 1376 960 1475 pridem
992 1381 1248 1452 intercessissent

113 1499 319 1584 inimicitiae,
345 1511 473 1597 poterat
496 1499 656 1595 ignorare.
684 1501 935 1588 Verumtamen,
957 1526 1023 1600 quo
1041 1504 1199 1602 obsequio
1217 1505 1249 1576 in

112 1622 273 1719 ejusmodi
310 1620 410 1696 rebus
440 1624 647 1720 Heringae
682 1648 803 1695 morem
834 1648 948 1720 gerere
978 1625 1121 1713 solebat,
1152 1651 1249 1725 quem

113 1747 400 1820 commendaverat
424 1746 495 1834 ille,
528 1772 603 1818 mox
637 1745 869 1819 nominandum
901 1762 995 1821 curat
1020 1749 1081 1846 (l).
1121 1750 1251 1834 Quibus

115 1870 216 1966 igitur
231 1869 439 1942 nobilissimis
462 1895 542 1942 usus
563 1868 853 1965 suffragatoribus,
880 1869 910 1940 d.
931 1871 979 1960 ll
993 1871 1086 1943 Febr.
1113 1872 1249 1969 proximi

115 1993 189 2063 anni
207 1996 313 2081 tatu,
332 1993 458 2065 muneri
472 1991 649 2065 solenniter
669 1991 884 2088 inauguratur
899 1992 962 2091 (2),
978 2019 1016 2065 ac
1029 1993 1249 2066 Meorlterlcen·

114 2115 196 2188 sibus
209 2117 284 2204 suis,
302 2142 386 2215 quos
398 2115 454 2188 diu
473 2115 568 2188 etiam
585 2130 695 2212 postea
714 2133 860 2188 amanter
875 2115 983 2188 dicere
1001 2117 1170 2189 consuevit
1185 2117 1248 2216 (3),

115 2239 230 2310 Pastor
261 2239 444 2337 impertitur
465 2237 648 2312 fidissimus.
688 2243 822 2311 Summa
844 2239 928 2311 enim
956 2238 1037 2329 fide,
1065 2239 1249 2338 diligentia,

115 2360 271 2457 religione
296 2361 338 2458 pii
358 2362 522 2434 Antistitis
547 2361 653 2434 officia
675 2387 749 2435 eum
777 2361 869 2435 obire
889 2377 1042 2434 conatum
1065 2387 1153 2450 esse,
1177 2387 1251 2436 cer-

115 2497 222 2555 torum
245 2497 371 2556 coastat
390 2485 520 2557 testium
543 2486 736 2557 auctoritate
753 2483 813 2581 (l).
842 2487 890 2556 De
916 2510 1055 2582 quorum
1076 2485 1250 2559 veracitate

115 2606 276 2678 neminem
303 2606 528 2681 dubitaturum
553 2606 702 2692 confido,
729 2613 785 2706 qui
818 2607 945 2707 qualem
977 2622 1011 2680 et
1036 2633 1134 2706 quam
1169 2624 1251 2682 stre·

114 2755 215 2804 nuum
245 2744 357 2828 postea
378 2731 411 2802 in
429 2731 518 2804 nulla
539 2757 622 2819 non,
647 2758 744 2831 quam
770 2747 977 2830 susceperat,
996 2731 1249 2805 administranda

114 2853 281 2952 provincia
305 2879 341 2925 se
365 2854 500 2951 gesserit
525 2853 678 2942 Amicus,
706 2855 815 2952 paullo
839 2856 1025 2928 accuratius
1049 2858 1247 2954 cognoverit.

113 2974 200 3062 Quid
214 2969 322 3074 quod,
338 3002 404 3074 quo
422 2976 537 3049 melius
551 2978 837 3048 catechumenorum
856 2977 916 3050 sibi
934 2978 1064 3052 cederet
1079 2979 1249 3069 institutio,

113 3125 227 3172 eorum
250 3100 281 3170 in
310 3125 389 3172 usus
410 3127 471 3172 suo
491 3102 597 3173 Marte
620 3127 739 3173 novum
762 3100 903 3199 aliquem
925 3117 1146 3175 commentare
1171 3129 1247 3178 eum

113 3248 176 3295 non
197 3222 302 3319 piguit
320 3221 463 3294 libellum
481 3223 742 3312 elementarium,
763 3249 829 3324 quo
846 3225 992 3296 historiae
1010 3224 1137 3297 biblicae
1157 3227 1246 3299 initia

114 3345 288 3445 perspicua
312 3344 535 3440 ⁵traderentur
571 3348 737 3421 brevitate.
796 3350 900 3433 Quem
936 3362 1042 3420 tamen
1080 3348 1246 3439 libellum,

112 3555 264 3565 ..ψ-..ι-

149 3675 198 3744 (1)
221 3673 304 3739 Quod
326 3670 479 3726 certissima
501 3670 556 3724 fide
577 3686 689 3723 narrare
711 3675 853 3741 poteram,
877 3685 950 3723 nanc
970 3668 1080 3740 quidem
1104 3686 1160 3723 non
1180 3669 1246 3724 reti·

114 3773 237 3828 eandum*
255 3773 338 3838 duxi;
362 3771 465 3842 quippe
482 3771 558 3841 quod
583 3786 667 3840 quum
689 3769 836 3839 Theologo
854 3776 987 3824 veterano
1009 3769 1190 3825 honorificum
1204 3786 1246 3824 es·

115 3881 166 3938 set,
189 3881 248 3925 turn
270 3871 373 3926 Juveni
393 3872 428 3922 ad
448 3869 588 3940 praeclara
610 3869 724 3940 quaevis
744 3868 936 3922 succrescenti.

150 3972 199 4040 (2)
224 3970 315 4023 Text-us
335 3969 361 4023 ei
379 3969 441 4022 loeo
462 3966 564 4021 Christi
587 3967 690 4020 dictum
710 3973 780 4031 erat,
801 3964 896 4017 tlIottlt.
917 3964 971 4018 IX.
993 3965 1059 4020 alb:
1082 3965 1177 4020 Messis
1190 3967 1245 4036 qui·

115 4074 168 4124 ilem
188 4071 268 4123 multo
286 4078 331 4137 est,
352 4071 398 4122 sed
416 4068 530 4137 operarii
544 4068 633 4135 petrei.

152 4173 199 4241 (3)
220 4168 257 4221 V.
279 4167 337 4238 ejus
357 4185 395 4220 or.
419 4168 506 4234 titane.
527 4164 791 4233 eatena-Trapeztae,
813 4179 839 4214 a.
864 4166 945 4226 1823,
968 4178 1054 4232 prope
1077 4162 1168 4215 finem.

154 4270 202 4338 (4)
225 4266 315 4336 Hujus
335 4265 375 4319 rei
400 4265 480 4319 tastis
504 4264 582 4318 nobis
609 4262 841 4334 locupletissimus
862 4270 904 4315 ost
924 4262 1175 4328 Seboltenius‚
1199 4263 1245 4334 qui

118 4385 142 4420 a.
167 4373 350 4421 ista-tato
371 4366 494 4437 ejusdem
515 4362 707 4419 Moerkcrkiau
727 4363 825 4416 Pastor
844 4361 905 4414 suit.
930 4361 1019 4425 Quem
1033 4360 1118 4432 igitur
1132 4361 1245 4415 omnino

119 4466 219 4534 consen,
241 4485 270 4537 p.
294 4472 338 4518 53.
