2828 4950
621 358 795 400 ruaoaoors.
1210 340 1273 402 171

146 527 227 589 omni
251 530 385 609 tempore
408 524 522 589 Christi
544 526 687 590 Societati
712 526 860 588 Doctores
883 525 1053 608 obtingant,
1072 547 1132 590 non
1157 535 1274 594 tantum

146 662 246 704 reram
270 641 439 704 divinarum
462 641 649 725 cognitione,
675 640 726 704 sed
750 641 875 704 Domini
898 661 999 703 amore
1021 641 1170 724 imprimis
1184 648 1274 726 atque

145 756 176 818 in
202 756 302 818 Deum
325 753 520 838 hominesque
549 757 660 839 pietate
688 777 828 819 sennaar
852 757 1060 840 praestantiam
1086 762 1174 840 atque
1197 759 1272 822 ima·

144 869 248 952 ginem
273 869 433 932 relerentes
457 869 517 952 (l).

188 1315 246 1380 Sed
270 1315 343 1379 haec
366 1336 448 1378 nunc
470 1314 592 1398 quidem
616 1313 771 1378 hactenus.
823 1316 869 1378 Dc
894 1315 960 1379 aliis
983 1338 1041 1379 non
1059 1318 1159 1400 paucis
1178 1318 1272 1406 (nam,

142 1430 236 1494 cheul
267 1431 354 1494 multi
383 1431 468 1510 sunt)
498 1431 551 1513 qui
581 1450 676 1514 nuper
707 1451 743 1492 ex
775 1430 838 1494 vite
866 1431 1054 1514 migrztrunt,
1096 1433 1274 1497 Germaniae

141 1545 307 1630 Theologis
340 1543 377 1608 de
415 1565 578 1626 eorumque
612 1544 658 1606 vel
693 1541 842 1606 celebrata
876 1544 923 1606 vel
958 1544 1095 1629 neglectis
1129 1549 1274 1611 memorii

141 1661 279 1744 proximo
308 1657 396 1722 nobis
422 1644 575 1743 'agendum
600 1657 670 1731 erit,
704 1657 763 1721 nisi
795 1657 868 1741 quid
892 1658 1019 1739 accidat,
1049 1659 1153 1724 harum
1178 1662 1274 1726 Char·

141 1778 240 1835 tarum
264 1769 370 1835 Libro.

176 2062 217 2124 (l)
235 2059 411 2109 Memorabilis
434 2057 626 2121 Gaussenii,
642 2067 717 2109 notae
733 2061 771 2109 illi
789 2057 976 2108 Genevensium
992 2057 1099 2110 Scholae
1116 2063 1272 2126 theologicae

139 2155 269 2220 praefecti,
287 2155 368 2204 oratio
386 2162 433 2211 cst,
460 2156 511 2218 qua
536 2155 622 2218 plures
645 2153 800 2215 Theologiae
817 2152 912 2200 tirones
933 2164 987 2199 esse
1012 2155 1191 2215 conqueritur,
1207 2153 1272 2205 liel-

140 2250 231 2309 retios‚
245 2248 435 2311 Francogallos,
452 2247 598 2305 Britannos,
618 2247 661 2309 qui
677 2259 710 2293 ex
726 2241 877 2303 Germania,
895 2245 939 2293 ubi
958 2245 1048 2293 studiis
1065 2260 1168 2309 operam
1192 2247 1271 2298 dede-

140 2348 208 2403 reut,
225 2342 253 2391 iu
272 2343 379 2407 patriam
404 2340 510 2404 quisque
528 2354 599 2389 suam
620 2340 739 2396 reduces,
755 2350 867 2398 errores,
883 2337 1048 2399 pristinarum
1070 2336 1221 2389 Scholarum
1237 2357 1270 2392 ex

140 2434 291 2495 contagione
315 2428 459 2480 Neandri
481 2432 507 2479 in
527 2430 612 2478 animo
636 2429 781 2486 haerentes,
799 2429 888 2476 sectari
908 2428 1013 2490 malint,
1039 2444 1115 2492 quam
1133 2447 1270 2495 generosae

138 2523 208 2574 illins
229 2524 350 2573 adversus
366 2522 545 2572 Rationalistas
564 2521 647 2570 luctae
664 2535 694 2569 ac
717 2520 847 2569 certamini
864 2518 955 2591 ¹socios
977 2536 1003 2570 se
1026 2524 1155 2586 praebere.
1189 2524 1268 2578 Vidd.

138 2616 256 2667 Arctives
275 2615 307 2666 da
322 2615 410 2667 atrei.
427 2633 460 2666 aa
477 2616 544 2666 XIX
560 2614 649 2675 aare,
666 2617 698 2665 ad
714 2631 737 2665 a.
759 2619 833 2674 1851,
848 2613 893 2663 N0.
915 2623 937 2664 l.

171 2709 269 2760 Eidem
288 2711 316 2760 in
333 2709 515 2774 Ephemeride,
536 2711 644 2758 eundem
668 2710 699 2757 ad
719 2722 742 2757 a
762 2712 838 2766 1851,
862 2706 910 2756 ΝΟ.
928 2713 942 2756 5
961 2717 987 2759 et
1009 2712 1031 2764 7,
1057 2711 1138 2760 multa
1161 2712 1270 2776 reposita

137 2812 215 2866 saut,
231 2806 299 2855 unde
316 2805 387 2853 litem
403 2817 548 2866 cognoscas,
564 2802 718 2853 Mettium
736 2799 913 2866 d'Aubigny
930 2805 996 2853 inter
1011 2809 1037 2852 et
1052 2801 1178 2855 Comitem
1188 2804 1269 2870 Age·

136 2914 246 2952 norem
272 2901 307 2950 de
330 2897 489 2961 Gasparin
515 2898 545 2945 de
563 2896 709 2959 quaestione
726 2895 856 2957 agitatam,
877 2903 962 2943 utrum
981 2893 1087 2954 biblicus,
1107 2897 1207 2959 qualem
1225 2912 1270 2946 vo·

137 3000 206 3052 eant,
225 2993 250 3042 id
268 2999 306 3042 est
324 2990 416 3042 Sacrae
433 2986 581 3054 scripturae
605 2989 645 3051 pie
669 2986 755 3036 colens
771 2987 958 3044 auctoritatem,
985 2987 1133 3052 Theologus
1149 2989 1270 3040 dicendus

137 3064 204 3135 esset
221 3081 377 3141 Neanden
396 3095 500 3131 necne.
536 3078 611 3140 Quod
628 3078 666 3130 iile
684 3089 785 3132 strenue
804 3083 963 3142 defenderat,
989 3082 1035 3144 ta,
1057 3084 1191 3135 levissimis
1208 3100 1270 3136 usus

67 3161 77 3168 ’
136 3177 303 3240 argumentis,
321 3175 414 3225 infitias
432 3176 522 3224 iverat.
559 3173 617 3235 Qua
633 3175 659 3222 iu
677 3176 767 3224 caussa
783 3177 882 3238 agendi
904 3176 942 3224 rei
964 3173 1122 3226 Christianae
1144 3178 1271 3226 amantio·

137 3283 201 3328 rem,
220 3254 296 3330 quam
314 3267 470 3330 Theologiae
486 3268 631 3331 peritiorem
643 3267 765 3341 illustrem
778 3268 845 3316 hunc
863 3281 917 3317 sese
929 3269 1114 3317 demonstrasse
1133 3266 1268 3327 Comitem,

136 3376 166 3412 eo
185 3361 266 3424 magis
284 3361 419 3411 dolendum
437 3368 484 3422 est,
504 3373 555 3424 quo
573 3361 653 3425 pluris
672 3359 726 3423 ejus
744 3361 770 3410 in
781 3360 972 3423 Francogalliae
991 3359 1162 3411 Protestantes
1177 3361 1269 3410 merita

136 3453 251 3505 iacienda
266 3463 332 3504 sunt.
1250 3444 1259 3458 '
