2782 4958
208 364 272 427 23⁶2
698 377 851 422 rrrnooos.

208 549 339 614 demando
361 548 442 613 enim
469 568 562 631 quum
593 547 713 633 paginis
740 547 947 611 contineretur
974 547 1054 624 165,
1085 548 1181 613 tertia
1205 546 1294 629 haec,
1318 549 1348 610 in

207 665 311 729 eadem
334 663 405 728 libri
432 663 667 727 conformatione
697 664 833 737 extemt,
861 682 1020 725 numerum
1051 663 1161 747 implet
1184 685 1241 747 pp.
1270 664 1347 727 526.

205 779 271 842 Non
293 777 386 842 nullis
407 778 528 861 quidem
552 775 638 852 loeis,
671 774 724 840 ubi
747 780 783 839 ut
805 775 928 841 meliora
953 776 1155 841 substitueret
1181 777 1346 862 optandum

204 895 314 976 fuerat,
339 891 434 959 veluti
453 893 490 957 ad
514 892 641 967 dietum,
667 890 748 974 qnod
769 891 939 976 attigimus,
960 893 1076 957 Joonn.
1101 892 1127 955 1.
1151 894 1187 968 9,
1215 893 1251 955 in
1272 893 1345 955 anti·

206 1008 275 1091 quis
304 1009 457 1091 acquievit
486 1007 655 1091 repetendis
680 1003 999 1070 animadversionibus.
1046 1005 1097 1070 Vel
1119 1006 1164 1069 sic
1189 1011 1293 1069 tamen
1317 1010 1344 1069 et

204 1122 347 1186 introitus
362 1127 392 1187 et
413 1121 644 1186 commentarius
657 1120 700 1184 ita
715 1120 822 1204 passim
837 1118 1039 1203 locupletatus
1058 1125 1182 1204 apparet
1198 1127 1232 1183 et
1247 1143 1341 1183 emen-

204 1236 304 1313 datus,
337 1240 373 1301 ut
405 1237 503 1300 tertiis
537 1235 635 1299 denuo
667 1233 714 1297 bis
739 1232 819 1296 euris
850 1254 911 1296 non
938 1233 1131 1298 mediocriter
1166 1239 1278 1317 quarto
1308 1234 1339 1297 de

202 1348 368 1436 Euangelio
394 1349 536 1414 meruisse
565 1347 757 1414 doctissimus
778 1346 828 1411 hic
850 1348 1014 1412 censendus
1039 1348 1080 1411 sit
1109 1348 1255 1431 idemque
1275 1346 1338 1411 snb·

203 1463 359 1529 tilissimus
378 1465 535 1548 Interpres.

583 1673 650 1715 rio.
679 1653 755 1727 169,
781 1671 890 1717 arnor.
917 1656 950 1717 2.

249 1801 352 1867 Phil.
378 1802 483 1868 Fred.
508 1801 665 1867 lieerlii
688 1801 758 1867 bina
777 1803 814 1867 de
835 1804 1021 1890 Apocrpplis
1036 1804 1149 1888 scripta
1169 1803 1241 1867 satis
1256 1824 1332 1867 accu-

203 1921 267 1982 rate
286 1917 460 1981 memoravi.
504 1919 622 1994 Verum,
647 1917 746 1982 medio
765 1919 845 1982 inter
868 1919 984 1983 editum
1010 1923 1174 2003 utmmque
1195 1923 1328 2002 tempore,

203 2031 285 2096 aliud
305 2032 395 2096 etiem
416 2031 516 2096 emisit
535 2032 638 2096 eddem
659 2033 695 2097 de
719 2034 891 2116 quaestione
902 2033 1196 2115 commentariolum,
1214 2033 1328 2116 inserip-

202 2151 269 2211 tum
287 2143 384 2209 illud:
410 2146 477 2210 Dor
508 2145 590 2211 Wort
619 2148 721 2211 Gottea
742 2169 771 2211 a.
798 2148 848 2211 die
864 2149 1074 2233 Apocrppben.
1124 2146 1211 2221 Quod
1239 2168 1272 2209 ex
1291 2166 1328 2207 re·

203 2258 315 2324 latione
327 2259 471 2343 comperi,
489 2281 506 2323 a
529 2259 843 2345 Sprinkhnrdtio
861 2263 981 2346 proditd
996 2263 1028 2325 in
1041 2261 1205 2326 Reuteri
1222 2263 1283 2343 allp
1320 2308 1325 2321 .

201 2374 325 2453 Repert.
355 2374 391 2438 ad
415 2395 456 2437 m.
484 2374 652 2458 Septembr.
676 2377 774 2451 1856,
793 2398 826 2459 p.
854 2378 915 2441 181
937 2397 999 2461 sqq.
1033 2374 1089 2441 Ubi
1108 2376 1183 2440 item
1206 2372 1324 2440 binialii

201 2489 395 2574 attinguntur
416 2486 528 2563 libelli,
553 2487 664 2572 quibus
679 2489 722 2554 ita
746 2488 867 2554 demum
893 2490 1002 2555 salvam
1027 2512 1089 2554 asse
1107 2511 1194 2575 posse
1209 2490 1324 2554 Patriam

201 2610 291 2690 atque
306 2604 465 2670 Ecclesiam
489 2604 685 2669 contenderat
703 2605 740 2668 K.
764 2606 886 2682 Manu,
912 2625 1064 2669 sacrorum
1087 2605 1220 2668 Antiates
1236 2602 1324 2667 Woel-

201 2719 356 2804 fingensis,
380 2719 406 2782 si
428 2719 517 2782 Sacro
536 2739 573 2782 er
594 2717 701 2782 Codice
719 2724 942 2784 removerentur
964 2715 1149 2803 dpoorypha.
1186 2717 1324 2781 Parrtceae

200 2840 272 2897 aunt
293 2831 404 2895 animis
425 2830 596 2895 coelestibus
621 2830 709 2896 irae?
1241 2850 1244 2854 ·

248 2944 334 3021 Quod
356 2943 506 3028 reliquum
538 2950 594 3026 est,
624 2944 660 3008 de
690 2947 722 3009 V.
750 2948 782 3009 T.
812 2949 1051 3033 Apocrppborum
1083 2947 1183 3028 pretio
1212 2945 1326 3030 quidet

200 3060 439 3146 Reformatorem
453 3060 591 3123 statuerit
609 3058 738 3123 Ecclesia
752 3064 784 3123 et
798 3058 885 3124 nobis
903 3060 1093 3125 statuendum
1111 3060 1163 3141 sit,
1180 3060 1324 3145 perspicue

200 3181 231 3240 et
251 3180 388 3239 accurate
410 3175 559 3258 exposuit,
580 3176 634 3258 qui
654 3174 690 3238 de
709 3173 767 3238 hoe
790 3180 968 3260 argumento
988 3175 1112 3240 omnino
1132 3171 1324 3238 consulendos

199 3296 262 3368 est,
286 3289 326 3352 cl.
348 3291 375 3353 J.
401 3291 437 3353 H.
464 3287 677 3370 Scholten,
702 3289 872 3354 doctissimo
896 3290 929 3356 in
952 3311 1000 3375 op.
1025 3292 1074 3355 De
1096 3291 1157 3354 teor
1182 3290 1235 3354 der
1256 3287 1323 3352 Her·

198 3406 315 3470 normda
337 3403 418 3468 Kerlr
453 3404 486 3468 in
517 3406 588 3469 hore
607 3404 886 3488 prooddepinrelan,
916 3405 1020 3470 tertiae
1052 3402 1100 3468 ed.
1135 3406 1220 3467 Tom.
1246 3404 1272 3484 1,
1294 3424 1321 3484 p.

201 3520 347 3584 83-85.

613 3731 680 3772 ran.
710 3710 773 3773 197
799 3711 906 3772 nnnrd.

245 3865 301 3927 Pro
326 3867 470 3949 ἐναυάγη
493 3861 655 3947 legendum
679 3867 722 3927 est
747 3866 957 3948 ἐναυάγησεν.
1055 3900 1057 3904 ν
