2828 4950
631 350 800 394 causuuar.
922 365 934 379 ·
1234 333 1276 393 35

140 515 353 583 Scheidins
382 517 414 577 et
442 512 684 579 Stronckius
710 498 773 598 (l).
822 511 897 577 Non
919 509 1159 597 improbabiliter
1188 533 1272 577 sane.

126 617 331 715 ⁴Quamquam
354 628 420 693 lieri
442 628 544 713 potuit
558 632 594 692 ut
608 649 645 691 ex
660 632 736 706 sect.
756 631 796 690 23
814 629 846 689 et
861 629 917 701 25,
943 626 991 691 vel
1005 648 1043 691 ex
1058 627 1153 692 alterd
1166 626 1273 692 barum

138 766 263 830 precum
294 744 488 818 recensione,
522 762 598 826 quae
626 746 646 805 2
670 741 843 825 Porolipp.
869 740 918 804 VI
949 742 1126 826 consignata
1155 746 1270 822 exstat,

137 861 249 927 flueret
270 858 373 924 lectio.
421 858 493 922 Sine
515 858 694 942 interposito
713 857 831 941 judicio
858 877 922 920 eam
946 861 1158 922 commemorat
1184 855 1273 920 The·

139 976 238 1043 nius.
275 973 375 1045 Quam
397 973 430 1036 in
446 973 577 1037 Graecae
600 971 865 1056 Interpretationis
881 971 1060 1036 admiratore
1079 972 1131 1035 vix
1153 993 1274 1056 exspec-

138 1094 257 1157 taveras
278 1088 457 1173 prudentem
479 1088 679 1151 reticentiam.
727 1086 885 1150 Lectionis
907 1088 1081 1152 rametatem
1103 1087 1189 1172 plane
1209 1108 1271 1152 non

139 1204 246 1289 attigit
267 1201 341 1267 alter
364 1201 548 1286 Explanator
571 1200 796 1265 recentissimus
817 1199 1011 1289 Keilius(
1035 1201 1059 1287 ).

119 1452 123 1457 ·
182 1429 309 1495 Ibidem
322 1430 357 1493 iu
370 1430 447 1514 flue.
478 1430 540 1493 Pro
567 1426 665 1493 verbis
687 1446 760 1494 narr
782 1435 843 1495 'autu
865 1446 942 1516 pun
969 1433 1001 1493 et
1027 1431 1164 1507 caeteris,
1194 1451 1271 1515 quaa

137 1541 177 1608 ab
198 1544 291 1607 initio
314 1543 490 1626 scripserint
516 1546 650 1605 autnon
673 1538 851 1626 scripserint
871 1541 974 1623 LXX,
999 1544 1052 1628 qui
1076 1544 1201 1608 sciverit
1224 1543 1272 1608 di·

137 1662 187 1722 cat
210 1656 312 1721 velim.
348 1656 418 1741 Ego
439 1655 560 1739 quidem
585 1677 633 1719 me
652 1658 770 1721 nescire
793 1657 900 1720 fateor.
949 1656 1111 1723 Vaticanus
1130 1659 1209 1722 enim
1227 1659 1272 1722 sic

138 1769 278 1834 breviora
299 1770 372 1833 fecit
394 1767 562 1834 Hebraica:
582 1775 619 1837 τὸ
640 1777 723 1858 ῥῆμά
745 1796 803 1839 oov
822 1779 867 1858 τῷ
889 1773 998 1839 Auuld
1010 1779 1055 1859 τῷ
1079 1778 1180 1859 πατρί
1194 1799 1270 1858 μου.

136 1884 263 1951 Plenius
285 1905 357 1949 vero
379 1883 457 1947 Cod.
482 1883 739 1949 Alexandrinos:
763 1890 800 1952 τὸ
820 1892 903 1971 ρῆμά
922 1910 991 1962 σου,
1013 1886 1206 1972 celatam
1225 1893 1272 1972 τῷ

140 2002 246 2086 δούλῳ
265 2025 323 2066 ooo
347 2000 457 2067 Aacld
479 2006 523 2086 τῷ
552 2003 662 2084 πατρί.
710 1996 832 2069 Quibus
854 1999 881 2061 si
903 1999 936 2062 in
959 1998 1021 2063 line
1036 1998 1187 2063 addideris
1202 2019 1272 2082 pro-

137 2135 248 2179 nomen
269 2121 343 2200 μοῦ,
364 2111 442 2178 nihil
465 2115 523 2177 erit
540 2135 577 2176 ex
600 2117 688 2176 textu
711 2111 863 2176 Hebraico
878 2113 960 2197 quod
976 2112 1136 2177 desideres.
1170 2115 1274 2196 Atque

138 2229 276 2306 eundem
290 2228 352 2291 fere
375 2231 512 2307 textum,
546 2227 649 2290 minus
671 2231 771 2290 tamen
798 2226 924 2312 plenum·
942 2232 1088 2311 uterque,
1121 2224 1219 2312 Syrus
1242 2232 1273 2291 et

139 2341 247 2408 Arabs
269 2345 490 2426 expresserunt.
540 2339 780 2407 Masoretharnm
808 2342 841 2406 in
871 2342 996 2428 vulgatd
1028 2341 1158 2406 lectione
1180 2343 1272 2406 tacite

139 2457 291 2541 acquievit
313 2453 497 2519 Thenius.

181 2685 283 2748 Sect.
311 2687 363 2748 27.
411 2684 460 2749 Ad
483 2683 573 2750 verba
596 2703 674 2776 paren
696 2681 732 2752 bv
754 2684 831 2750 illud
857 2687 957 2771 ipsum
979 2693 1059 2772 μετὰ
1080 2690 1269 2773 ἀνθρώπων

139 2800 316 2885 adjecerunt
339 2798 567 2876 Alexandrini,
593 2798 692 2881 qnod,
717 2800 751 2861 in
775 2799 869 2863 altert
891 2819 1013 2884 precum
1036 2801 1225 2878 recensione,
1251 2804 1271 2863 2

141 2911 254 2979 Cdron.
278 2911 339 2975 VI.
366 2915 408 2975 18
432 2909 584 2976 Hebraico
607 2917 717 2977 exstat.
765 2912 865 2985 Quam
894 2912 1054 2978 lectionem
1078 2912 1272 2997 archetypam

138 3019 215 3091 dicit
237 3047 271 3089 ac
291 3025 442 3110 praeferre
465 3025 585 3090 videtur
607 3027 752 3092 Oriticus.
803 3026 874 3099 Qus
895 3048 969 3093 vero
990 3029 1023 3091 in
1046 3048 1079 3090 re
1102 3026 1179 3089 Viro
1201 3026 1273 3091 doo-

137 3141 257 3206 tissimo
279 3161 341 3206 non
364 3140 523 3204 assentior.
572 3141 668 3205 Misso
691 3142 772 3207 enim
795 3141 888 3206 hocce
912 3143 1132 3217 additamento,
1159 3143 1272 3227 optime

111 3301 113 3305 -
137 3254 196 3321 sibi
220 3250 337 3320 constat
360 3255 573 3338 disjunctionis
596 3256 685 3331 ratio,
712 3257 772 3338 qud
794 3257 868 3321 cocti
894 3261 925 3320 et
947 3269 1047 3322 terrac
1069 3258 1198 3322 invicem
1221 3277 1272 3340 op·

135 3375 302 3456 ponuntur.
347 3371 451 3452 Atque
481 3370 518 3433 ad
548 3369 620 3432 talia
647 3369 825 3433 inculcanda
853 3371 1008 3454 proniores
1038 3377 1123 3434 erant
1154 3369 1271 3453 antiqui

135 3485 334 3570 Interpretes,
361 3504 451 3568 quam
474 3485 511 3549 ad
534 3483 692 3567 ejicienda.
740 3483 791 3549 Ne
813 3484 851 3548 de
871 3483 1015 3550 Otrouici
1029 3485 1208 3548 auctoritate
1224 3483 1269 3548 di·

136 3620 215 3682 eam,
241 3620 318 3683 quae
341 3600 467 3665 forsitan
489 3600 525 3664 ad
548 3599 790 3684 interpolantium
812 3599 844 3664 h.
870 3598 893 3665 l.
920 3598 1026 3664 valuit.

181 3824 320 3892 Ibidem.
347 3823 450 3891 Verba
465 3821 575 3913 quam
596 3822 634 3890 ab
654 3821 790 3910 plerique
811 3846 915 3889 omnes
933 3822 1048 3892 Gracci
1073 3824 1171 3891 Codd.
1201 3844 1267 3890 ver·

170 4133 207 4199 (l)
227 4133 275 4185 Ille
288 4138 339 4186 vid.
356 4134 426 4188 lues.
442 4135 497 4186 VII
513 4142 569 4200 post
584 4136 696 4199 primum
713 4131 813 4199 Speoim.
825 4132 907 4198 puzol.
927 4135 978 4185 orit.
998 4135 1023 4185 in
1041 4133 1168 4198 Jesaaam;
1187 4133 1225 4184 bic
1239 4135 1266 4186 iu

136 4235 226 4279 annot.
244 4230 277 4278 ad
293 4244 356 4294 opus
373 4230 550 4280 utilissimam:
569 4226 690 4294 sz'telsct
706 4224 846 4287 Huistoclc,
862 4227 911 4277 111.
930 4230 988 4279 271.

171 4320 208 4383 (u)
232 4319 294 4370 Vid.
315 4319 395 4372 Karl
415 4321 542 4372 Friedr·
565 4320 655 4384 Keil,
674 4318 893 4370 Commemoratur
915 4319 954 4370 die
971 4320 1071 4372 Bdctcr
1090 4320 1133 4371 der
1150 4317 1265 4386 Karape,-

135 4409 247 4463 Mosceu.
269 4418 343 4464 1846.

1084 4504 1132 4568 3.
