2782 4958
535 350 745 395 aunrsrrouus.
1141 334 1210 397 Μ’

65 520 203 604 adeoque
232 518 376 584 contemti
405 537 510 580 sumus
532 520 622 601 atque
645 517 810 583 imbecilles
831 517 981 583 videmur.
1029 517 1096 584 vid.
1115 518 1212 604 hujus<

63 634 162 720 ipsius
184 633 326 697 sectionis
349 632 480 696 initium.
509 668 551 678 -
575 630 687 695 Vellem
708 633 805 718 igitur
827 631 917 697 verba
942 640 997 700 καὶ
1023 634 1201 719 δυνάμεως,

62 771 143 833 quae
163 770 200 813 cx
214 746 384 832 doxologiis
400 744 461 809 huo
475 746 629 829 irrepsisse
644 745 730 810 valde
746 745 952 831 improbabilis
971 768 1032 811 non
1051 746 1204 812 nullorum

62 869 112 927 est
136 862 321 947 conjectura,
353 861 470 945 justum
496 861 530 924 in
561 858 661 924 locum
683 866 714 926 et
746 867 831 925 antea
864 868 895 926 et
917 883 1013 946 nuper
1032 862 1064 924 in
1088 862 1134 927 N.
1164 863 1212 927 P...

63 978 201 1061 triplotto
223 975 403 1041 restituisset
422 973 688 1040 Tischendorf
693 975 765 1040 ius.

588 1175 673 1232 VIII.

107 1318 248 1403 Itb'uadem
278 1317 417 1382 sectionis
447 1321 595 1401 postrema
619 1315 724 1380 verba:
750 1320 834 1385 κατὰ
864 1321 923 1402 μὲν
952 1317 1054 1383 αὐτα]
1091 1350 1132 1362 -·
1158 1351 1200 1364 -

62 1435 254 1513 δοξάζεται,
290 1454 367 1516 quac
400 1436 535 1516 suspecta
568 1434 621 1494 aut
655 1430 824 1498 incertioris
859 1433 987 1518 originis
1016 1431 1074 1497 sibi
1105 1432 1201 1497 videri

60 1544 439 1620 declararantMillius,
458 1542 754 1622 Griesbachius‚
780 1546 960 1628 Pottius,
985 1545 1199 1624 Hutherus,

60 1660 268 1725 recentissime
298 1661 387 1725 etiam
414 1660 458 1723 N.
488 1660 523 1726 P.
556 1658 688 1741 triptota
718 1680 756 1722 ex
778 1663 866 1723 textu
899 1659 988 1744 ejecit
1014 1658 1201 1723 Tischen-

61 1772 233 1838 dorfius.
283 1774 416 1847 Quorum
453 1792 524 1835 vero
555 1773 720 1836 sententiae
749 1794 787 1837 ne
819 1773 967 1838 calculum
999 1773 1138 1858 adjiciam
1170 1779 1202 1838 et

61 1886 186 1952 testium
209 1887 371 1951 auctoritas
390 1884 499 1964 obstat,
526 1906 655 1969 quorum
681 1885 771 1972 longe
798 1887 909 1972 majore
932 1889 965 1950 in
992 1908 1118 1952 numero
1145 1908 1200 1952 nec

59 2001 174 2086 exiguo
198 2002 297 2086 pretio
320 2000 502 2084 praesidium
523 1999 613 2064 verba
634 1999 754 2082 habent,
773 2002 881 2088 etipsa
903 2001 963 2067 loci
988 2000 1196 2078 conformatio,

59 2138 137 2201 quae
164 2117 352 2201 ploaaemctta
379 2116 494 2200 respuit
524 2115 738 2200 suspicionem,
774 2121 805 2181 et
831 2138 915 2194 vero,
949 2114 1031 2200 quod
1064 2137 1197 2182 caussam

60 2232 209 2311 continet,
241 2232 376 2318 proxime
400 2231 603 2316 praecedentis
630 2230 714 2296 verbi
740 2233 947 2300 ἀναπαύεται
981 2251 1015 2293 aa
1039 2228 1134 2306 verbi,
1164 2231 1196 2296 in

58 2368 123 2431 quo
146 2345 231 2411 hicce
253 2347 316 2411 exit
341 2344 436 2422 locus,
463 2347 635 2424 δοξάζεται
665 2347 765 2410 eodem
792 2345 880 2431 plane
911 2347 1056 2411 elocant.
1110 2346 1196 2420 Quod

58 2462 160 2546 ipsum
190 2461 436 2546 όμοιοτὲλεατοα
468 2461 500 2524 in
528 2481 657 2525 errorem
685 2460 843 2527 adduxisse
873 2459 1063 2528 librariorum
1093 2459 1196 2527 oculor

58 2574 145 2642 valde
166 2574 320 2662 probabile
345 2582 399 2642 est.
