2782 4958
623 119 775 164 amaneus.
1198 106 1259 168 231

129 289 244 368 autem,
276 285 478 370 qualicunque
509 285 599 352 hocce
629 286 711 351 edito
740 285 855 364 libello,
889 310 950 354 non
979 311 1055 374 quae
1085 291 1168 356 volui
1190 293 1261 370 ieci,

125 403 182 467 sed
205 424 283 486 quae
306 403 404 487 potui;
428 403 472 467 ita
492 423 576 467 nunc
604 403 709 467 faciam
741 404 821 487 quod
850 425 982 490 possum,
1015 412 1051 471 ut
1080 429 1142 472 non
1172 407 1265 473 nuliis

123 523 224 595 certe,
250 519 304 600 qui
326 517 504 583 emendandi
526 518 589 582 sint
611 523 664 582 aut
685 518 856 603 supplendi,
881 518 955 584 locis
977 520 1156 600 indicandis,
1184 523 1265 588 virili

122 649 185 711 pro
209 637 293 718 parte
315 631 399 697 illius
422 633 600 718 prospiciam
622 632 802 719 integritati.

428 845 511 888 naar
532 825 556 889 ΙΙ
577 846 647 888 aaa.
672 826 728 898 dn,
755 844 847 888 vuaso
872 826 972 888 d—i.

176 979 289 1041 Harum
312 997 403 1039 unam
426 972 607 1058 alteramque
636 976 772 1041 Vitarum
794 975 860 1039 aliis
891 977 1047 1041 Societatis
1070 981 1145 1065 Hag.
1169 983 1267 1047 Mode-

125 1089 281 1157 tatoribus
297 1088 432 1153 debuisse
448 1088 568 1154 videtur
583 1088 855 1172 Royaardsius.
882 1089 966 1153 Certe
982 1091 1122 1157 [twa-idi
1144 1095 1267 1160 Kistii

128 1206 160 1268 ei
184 1206 282 1269 Vitam
303 1204 505 1289 suppeditavit
522 1206 559 1267 N.
582 1203 614 1267 C.
634 1202 800 1269 Kistius.
835 1204 926 1287 Cujus
949 1206 993 1269 rei
1019 1207 1157 1272 notitiam
1173 1210 1268 1273 amice

130 1319 270 1384 monenti
294 1325 444 1404 acceptam
467 1319 562 1382 refero
586 1317 748 1387 clarissimo
772 1318 843 1383 huic
866 1318 1028 1406 Theologo.

388 1533 457 1576 aas.
485 1513 541 1591 «id,
570 1531 679 1577 anaor.
705 1512 738 1589 2,
763 1532 859 1575 vsasu
881 1533 1009 1576 aarum.

172 1664 232 1726 Pro
254 1662 487 1741 Nieuporteuaea
509 1661 667 1747 legendum
685 1662 1053 1740 Numoaadorpeuaeasive
1073 1663 1264 1729 detractura·

127 1798 182 1840 uos
208 1776 362 1862 (inpage,
388 1776 440 1859 qui
463 1775 556 1861 vuigo
575 1776 687 1840 dicitur
705 1773 923 1863 Baiteualuta).

175 1890 262 1965 Quod
285 1890 434 1974 reliquum
450 1897 507 1971 est,
524 1895 593 1954 ante
609 1890 665 1954 hoc
687 1891 748 1955 fere
763 1889 919 1955 biennium
942 1889 1111 1975 Migaltii
1130 1891 1265 1973 Martyris

129 2005 333 2068 narrationem
349 2006 491 2087 (Journal
504 2006 540 2069 de
557 2007 573 2068 J
581 2027 650 2069 ean
675 2005 849 2091 Migault)
870 2008 913 2070 ita
933 2006 1031 2070 denuo
1047 2006 1265 2093 Franoogallice

129 2117 227 2181 edidit
250 2140 320 2183 ven.
345 2118 389 2182 de
413 2121 521 2202 Bray,
548 2119 600 2202 qui
622 2124 697 2184 tunc
719 2122 822 2184 coetts
841 2121 971 2184 Antiates
993 2126 1057 2184 erat
1079 2122 1262 2206 Nyortensis,
1293 2103 1302 2115 ¹¹

128 2239 165 2297 ut
187 2233 253 2317 ipse
281 2234 371 2296 etiam
400 2232 538 2318 opusculi
560 2233 669 2299 titulus
695 2233 771 2299 hanc
799 2232 920 2298 haberet
941 2235 1172 2318 professionem:
1198 2258 1267 2300 aceo

128 2348 181 2412 dea
205 2348 369 2429 additions,
392 2347 483 2413 tire‘ea
504 2348 576 2412 d'uu
595 2356 680 2412 outre
698 2349 779 2424 Ma,
797 2356 998 2427 apparuerunt
1020 2348 1040 2413 d
1062 2347 1123 2413 Μ’.
1149 2350 1199 2414 W.
1226 2351 1261 2415 H.

129 2461 255 2526 Housl
277 2468 333 2526 etc.
365 2464 418 2527 liic
440 2463 521 2527 enim
543 2463 592 2527 Vir
612 2463 792 2528 reverendus
817 2469 848 2527 et
870 2483 940 2528 cum
956 2462 1010 2527 illo
1033 2484 1088 2527 suo
1103 2486 1140 2527 ex
1159 2463 1266 2528 Codice

129 2577 309 2640 narrationis
328 2576 535 2662 supplementa
566 2578 812 2660 communictrat‚
835 2583 876 2641 et
902 2576 978 2641 mihi
1001 2576 1172 2642 humaniter
1202 2575 1265 2662 ple·

129 2691 246 2755 niorem
270 2689 346 2754 hanc
369 2692 515 2776 impertiit
537 2693 581 2756 rei
604 2693 756 2756 notitiam.

528 2902 598 2946 aaa.
626 2882 681 2957 89,
705 2899 799 2943 censu
825 2880 875 2943 11.

175 3040 219 3102 lta
249 3038 321 3103 haec
347 3042 419 3102 sunt
448 3036 593 3122 legenda:
628 3037 669 3099 De
698 3030 819 3117 iosephi
849 3027 1035 3094 Patriarchae
1068 3027 1261 3111 quaestione,

130 3152 281 3216 viveretne
303 3149 525 3238 udduauPuter?
544 3152 661 3233 (Genea.
681 3149 771 3212 XLlli.
796 3149 836 3210 ⁹27
861 3145 895 3209 in
914 3144 1001 3229 fine).

576 3361 645 3403 aas.
672 3339 820 3402 93-97.

177 3495 222 3558 Ad
239 3494 267 3558 h.
291 3494 309 3557 l.
334 3518 402 3580 prae
425 3496 547 3560 caeteris
566 3496 646 3560 conf.
673 3493 919 3579 tiuntinghii
943 3513 1038 3578 opus:
1058 3489 1264 3553 Geaotiedeuia

130 3611 183 3674 der
205 3610 361 3674 Menscdd.
387 3634 463 3675 naar
483 3612 539 3674 deu
561 3611 679 3694 Bijbel,
704 3608 811 3694 prioris
826 3608 873 3672 ed.
894 3609 951 3674 Vll.
982 3607 1043 3670 182
1068 3625 1149 3687 seqq.
1182 3604 1264 3668 Unde

131 3746 194 3790 non
221 3723 305 3789 nulla
328 3747 375 3789 me
398 3725 517 3790 haurire
540 3725 676 3788 memini.

513 3936 576 3978 eas.
607 3914 685 3996 145,
711 3931 821 3977 aanor.
850 3913 881 3974 t.

177 4070 395 4154 Meyeriani
416 4070 548 4136 loannis
569 4070 602 4133 in
624 4066 821 4154 Euangelium
843 4063 1048 4129 commentarii
1064 4063 1155 4127 tertia
1171 4060 1265 4125 editio

130 4191 260 4251 exeunte
282 4187 343 4252 fere
362 4208 440 4251 anno
454 4187 539 4252 1856
553 4183 703 4270 publicata
717 4191 774 4267 est,
792 4204 847 4247 nec
868 4180 1018 4246 immerito
1033 4186 1119 4244 auctu
1138 4176 1261 4241 dicitur.
