<?xml version="1.0" encoding="UTF-8"?>
<!DOCTYPE html PUBLIC "-//W3C//DTD XHTML 1.0 Transitional//EN"
    "http://www.w3.org/TR/xhtml1/DTD/xhtml1-transitional.dtd">
<html xmlns="http://www.w3.org/1999/xhtml" xml:lang="en" lang="en">
 <head>
  <title>
</title>
<meta http-equiv="Content-Type" content="text/html;charset=utf-8" />
  <meta name='ocr-system' content='tesseract 3.04.00' />
  <meta name='ocr-capabilities' content='ocr_page ocr_carea ocr_par ocr_line ocrx_word'/>
</head>
<body>
  <div class='ocr_page' id='page_1' title='image "./chartaetheologi00boumgoog_0239.png"; bbox 0 0 2782 4958; ppageno 0'>
   <div class='ocr_carea' id='block_1_1' title="bbox 200 314 844 379">
    <p class='ocr_par' dir='ltr' id='par_1_1' title="bbox 200 314 844 379">
     <span class='ocr_line' id='line_1_1' title="bbox 200 314 844 379; baseline -0.002 -2"><span class='ocrx_word' id='word_1_1' title='bbox 200 314 242 378; x_wconf 58' lang='lat' dir='ltr'>*to</span> <span class='ocrx_word' id='word_1_2' title='bbox 692 335 844 379; x_wconf 76' lang='lat' dir='ltr'>mannanno</span> 
     </span>
    </p>
   </div>
   <div class='ocr_carea' id='block_1_2' title="bbox 198 497 1391 2451">
    <p class='ocr_par' dir='ltr' id='par_1_2' title="bbox 198 497 1317 1217">
     <span class='ocr_line' id='line_1_2' title="bbox 201 497 1317 597; baseline 0.003 -27"><span class='ocrx_word' id='word_1_3' title='bbox 201 499 265 573; x_wconf 90' lang='lat' dir='ltr'>late</span> <span class='ocrx_word' id='word_1_4' title='bbox 287 514 466 590; x_wconf 74' lang='lat' dir='ltr'><strong>extensam,</strong></span> <span class='ocrx_word' id='word_1_5' title='bbox 496 514 532 572; x_wconf 91' lang='lat' dir='ltr'>ut</span> <span class='ocrx_word' id='word_1_6' title='bbox 557 513 702 575; x_wconf 89' lang='lat' dir='ltr'>caeteras</span> <span class='ocrx_word' id='word_1_7' title='bbox 728 504 795 574; x_wconf 85' lang='lat' dir='ltr'>lere</span> <span class='ocrx_word' id='word_1_8' title='bbox 820 523 932 572; x_wconf 92' lang='lat' dir='ltr'>omnes</span> <span class='ocrx_word' id='word_1_9' title='bbox 954 498 1160 597; x_wconf 85' lang='lat' dir='ltr'>imperiosius</span> <span class='ocrx_word' id='word_1_10' title='bbox 1179 497 1317 573; x_wconf 78' lang='lat' dir='ltr'>obruerat</span> 
     </span>
     <span class='ocr_line' id='line_1_3' title="bbox 203 620 1316 722; baseline -0.002 -27"><span class='ocrx_word' id='word_1_11' title='bbox 203 623 374 696; x_wconf 82' lang='lat' dir='ltr'>universae</span> <span class='ocrx_word' id='word_1_12' title='bbox 400 623 596 721; x_wconf 76' lang='lat' dir='ltr'>Theologiae</span> <span class='ocrx_word' id='word_1_13' title='bbox 617 637 734 722; x_wconf 85' lang='lat' dir='ltr'>partes.</span> <span class='ocrx_word' id='word_1_14' title='bbox 772 624 894 697; x_wconf 87' lang='lat' dir='ltr'>Verum</span> <span class='ocrx_word' id='word_1_15' title='bbox 922 622 985 695; x_wconf 89' lang='lat' dir='ltr'>hoc</span> <span class='ocrx_word' id='word_1_16' title='bbox 1003 620 1185 720; x_wconf 88' lang='lat' dir='ltr'>cujusmodi</span> <span class='ocrx_word' id='word_1_17' title='bbox 1205 622 1316 709; x_wconf 80' lang='lat' dir='ltr'>sit,ne</span> 
     </span>
     <span class='ocr_line' id='line_1_4' title="bbox 198 745 1316 846; baseline -0.002 -27"><span class='ocrx_word' id='word_1_18' title='bbox 198 746 345 844; x_wconf 86' lang='lat' dir='ltr'>judicent</span> <span class='ocrx_word' id='word_1_19' title='bbox 374 749 545 820; x_wconf 77' lang='lat' dir='ltr'><strong>acutiores.</strong></span> <span class='ocrx_word' id='word_1_20' title='bbox 599 748 693 820; x_wconf 91' lang='lat' dir='ltr'>Novo</span> <span class='ocrx_word' id='word_1_21' title='bbox 726 761 815 821; x_wconf 88' lang='lat' dir='ltr'>certe</span> <span class='ocrx_word' id='word_1_22' title='bbox 839 760 1049 845; x_wconf 83' lang='lat' dir='ltr'>argumento,</span> <span class='ocrx_word' id='word_1_23' title='bbox 1084 745 1174 846; x_wconf 93' lang='lat' dir='ltr'>quod</span> <span class='ocrx_word' id='word_1_24' title='bbox 1196 746 1316 818; x_wconf 81' lang='lat' dir='ltr'>maxine</span> 
     </span>
     <span class='ocr_line' id='line_1_5' title="bbox 201 869 1305 966; baseline -0.005 -22"><span class='ocrx_word' id='word_1_25' title='bbox 201 871 280 944; x_wconf 92' lang='lat' dir='ltr'>mihi</span> <span class='ocrx_word' id='word_1_26' title='bbox 304 870 470 962; x_wconf 86' lang='lat' dir='ltr'>volebam,</span> <span class='ocrx_word' id='word_1_27' title='bbox 501 871 601 944; x_wconf 83' lang='lat' dir='ltr'>altera</span> <span class='ocrx_word' id='word_1_28' title='bbox 630 870 712 943; x_wconf 91' lang='lat' dir='ltr'>haec</span> <span class='ocrx_word' id='word_1_29' title='bbox 733 869 845 942; x_wconf 89' lang='lat' dir='ltr'>docuit</span> <span class='ocrx_word' id='word_1_30' title='bbox 878 869 1031 966; x_wconf 81' lang='lat' dir='ltr'>Collegae</span> <span class='ocrx_word' id='word_1_31' title='bbox 1064 869 1168 943; x_wconf 87' lang='lat' dir='ltr'>oratio</span> <span class='ocrx_word' id='word_1_32' title='bbox 1197 871 1305 943; x_wconf 85' lang='lat' dir='ltr'>Heus·</span> 
     </span>
     <span class='ocr_line' id='line_1_6' title="bbox 201 991 1312 1091; baseline -0.003 -26"><span class='ocrx_word' id='word_1_33' title='bbox 201 993 423 1066; x_wconf 72' lang='lat' dir='ltr'>dionaeum</span> <span class='ocrx_word' id='word_1_34' title='bbox 449 993 598 1066; x_wconf 76' lang='lat' dir='ltr'>doctrina</span> <span class='ocrx_word' id='word_1_35' title='bbox 622 1017 719 1091; x_wconf 91' lang='lat' dir='ltr'>quam</span> <span class='ocrx_word' id='word_1_36' title='bbox 743 1007 832 1067; x_wconf 85' lang='lat' dir='ltr'>arcte</span> <span class='ocrx_word' id='word_1_37' title='bbox 857 994 1031 1088; x_wconf 83' lang='lat' dir='ltr'>conjuncta</span> <span class='ocrx_word' id='word_1_38' title='bbox 1052 1006 1140 1066; x_wconf 85' lang='lat' dir='ltr'>esset</span> <span class='ocrx_word' id='word_1_39' title='bbox 1156 991 1246 1080; x_wconf 87' lang='lat' dir='ltr'>illius,</span> <span class='ocrx_word' id='word_1_40' title='bbox 1261 997 1312 1090; x_wconf 77' lang='lat' dir='ltr'>qul</span> 
     </span>
     <span class='ocr_line' id='line_1_7' title="bbox 201 1116 727 1217; baseline -0.011 -24"><span class='ocrx_word' id='word_1_41' title='bbox 201 1120 266 1193; x_wconf 86' lang='lat' dir='ltr'>late</span> <span class='ocrx_word' id='word_1_42' title='bbox 293 1118 440 1217; x_wconf 86' lang='lat' dir='ltr'>patebat,</span> <span class='ocrx_word' id='word_1_43' title='bbox 466 1116 636 1216; x_wconf 83' lang='lat' dir='ltr'>disciplina</span> <span class='ocrx_word' id='word_1_44' title='bbox 664 1117 675 1214; x_wconf 71' lang='lat' dir='ltr'>l</span> <span class='ocrx_word' id='word_1_45' title='bbox 703 1117 727 1213; x_wconf 74' lang='lat' dir='ltr'>l.</span> 
     </span>
    </p>

    <p class='ocr_par' dir='ltr' id='par_1_3' title="bbox 199 1237 1391 2451">
     <span class='ocr_line' id='line_1_8' title="bbox 249 1237 1328 1338; baseline -0.004 -24"><span class='ocrx_word' id='word_1_46' title='bbox 249 1240 521 1315; x_wconf 87' lang='lat' dir='ltr'>Luculentissimo</span> <span class='ocrx_word' id='word_1_47' title='bbox 545 1265 623 1313; x_wconf 92' lang='lat' dir='ltr'>vero</span> <span class='ocrx_word' id='word_1_48' title='bbox 645 1240 828 1313; x_wconf 87' lang='lat' dir='ltr'>testimonio</span> <span class='ocrx_word' id='word_1_49' title='bbox 851 1265 915 1312; x_wconf 95' lang='lat' dir='ltr'>non</span> <span class='ocrx_word' id='word_1_50' title='bbox 938 1239 1072 1314; x_wconf 89' lang='lat' dir='ltr'>dubiam</span> <span class='ocrx_word' id='word_1_51' title='bbox 1093 1237 1328 1338; x_wconf 68' lang='lat' dir='ltr'>utriusquede</span> 
     </span>
     <span class='ocr_line' id='line_1_9' title="bbox 201 1361 1334 1465; baseline -0.005 -26"><span class='ocrx_word' id='word_1_52' title='bbox 201 1371 267 1465; x_wconf 73' lang='lat' dir='ltr'>qud</span> <span class='ocrx_word' id='word_1_53' title='bbox 292 1367 434 1460; x_wconf 79' lang='lat' dir='ltr'>agimus,</span> <span class='ocrx_word' id='word_1_54' title='bbox 459 1364 647 1463; x_wconf 88' lang='lat' dir='ltr'>disciplinae</span> <span class='ocrx_word' id='word_1_55' title='bbox 664 1363 935 1437; x_wconf 73' lang='lat' dir='ltr'>necessitudinem</span> <span class='ocrx_word' id='word_1_56' title='bbox 957 1362 1125 1459; x_wconf 78' lang='lat' dir='ltr'>Praefatio</span> <span class='ocrx_word' id='word_1_57' title='bbox 1147 1361 1334 1447; x_wconf 82' lang='lat' dir='ltr'>confirmat,</span> 
     </span>
     <span class='ocr_line' id='line_1_10' title="bbox 200 1485 1337 1588; baseline 0 -28"><span class='ocrx_word' id='word_1_58' title='bbox 200 1492 267 1588; x_wconf 75' lang='lat' dir='ltr'>qud</span> <span class='ocrx_word' id='word_1_59' title='bbox 286 1487 472 1586; x_wconf 84' lang='lat' dir='ltr'>Compendio</span> <span class='ocrx_word' id='word_1_60' title='bbox 490 1487 650 1560; x_wconf 77' lang='lat' dir='ltr'>Historiae</span> <span class='ocrx_word' id='word_1_61' title='bbox 671 1488 831 1561; x_wconf 78' lang='lat' dir='ltr'>Ecclesiae</span> <span class='ocrx_word' id='word_1_62' title='bbox 851 1487 1050 1560; x_wconf 76' lang='lat' dir='ltr'>Christianae</span> <span class='ocrx_word' id='word_1_63' title='bbox 1073 1491 1247 1584; x_wconf 71' lang='lat' dir='ltr'>praemissi</span> <span class='ocrx_word' id='word_1_64' title='bbox 1265 1485 1337 1582; x_wconf 79' lang='lat' dir='ltr'>(l),</span> 
     </span>
     <span class='ocr_line' id='line_1_11' title="bbox 201 1607 1336 1708; baseline -0.004 -24"><span class='ocrx_word' id='word_1_65' title='bbox 201 1635 266 1685; x_wconf 91' lang='lat' dir='ltr'>non</span> <span class='ocrx_word' id='word_1_66' title='bbox 293 1612 391 1708; x_wconf 84' lang='lat' dir='ltr'>hujus</span> <span class='ocrx_word' id='word_1_67' title='bbox 412 1611 517 1683; x_wconf 91' lang='lat' dir='ltr'>solum</span> <span class='ocrx_word' id='word_1_68' title='bbox 541 1611 631 1698; x_wconf 86' lang='lat' dir='ltr'>libri,</span> <span class='ocrx_word' id='word_1_69' title='bbox 655 1610 711 1683; x_wconf 92' lang='lat' dir='ltr'>sed</span> <span class='ocrx_word' id='word_1_70' title='bbox 736 1611 904 1684; x_wconf 85' lang='lat' dir='ltr'>universae</span> <span class='ocrx_word' id='word_1_71' title='bbox 925 1609 1022 1696; x_wconf 87' lang='lat' dir='ltr'>adeo,</span> <span class='ocrx_word' id='word_1_72' title='bbox 1044 1609 1100 1682; x_wconf 92' lang='lat' dir='ltr'>cui</span> <span class='ocrx_word' id='word_1_73' title='bbox 1130 1608 1211 1681; x_wconf 85' lang='lat' dir='ltr'>liber</span> <span class='ocrx_word' id='word_1_74' title='bbox 1228 1607 1336 1679; x_wconf 82' lang='lat' dir='ltr'>inser—</span> 
     </span>
     <span class='ocr_line' id='line_1_12' title="bbox 201 1726 1333 1830; baseline -0.01 -23"><span class='ocrx_word' id='word_1_75' title='bbox 201 1737 270 1809; x_wconf 87' lang='lat' dir='ltr'>vire</span> <span class='ocrx_word' id='word_1_76' title='bbox 287 1735 442 1824; x_wconf 80' lang='lat' dir='ltr'>debebat,</span> <span class='ocrx_word' id='word_1_77' title='bbox 468 1735 681 1809; x_wconf 84' lang='lat' dir='ltr'>institutionis</span> <span class='ocrx_word' id='word_1_78' title='bbox 702 1733 871 1806; x_wconf 90' lang='lat' dir='ltr'>consilium</span> <span class='ocrx_word' id='word_1_79' title='bbox 894 1732 998 1830; x_wconf 82' lang='lat' dir='ltr'>aperit</span> <span class='ocrx_word' id='word_1_80' title='bbox 1017 1756 1056 1804; x_wconf 90' lang='lat' dir='ltr'>ac</span> <span class='ocrx_word' id='word_1_81' title='bbox 1077 1730 1243 1803; x_wconf 83' lang='lat' dir='ltr'>rationem.</span> <span class='ocrx_word' id='word_1_82' title='bbox 1265 1726 1333 1803; x_wconf 82' lang='lat' dir='ltr'>Uti</span> 
     </span>
     <span class='ocr_line' id='line_1_13' title="bbox 202 1851 1324 1959; baseline -0.009 -26"><span class='ocrx_word' id='word_1_83' title='bbox 202 1875 276 1959; x_wconf 88' lang='lat' dir='ltr'>post</span> <span class='ocrx_word' id='word_1_84' title='bbox 304 1859 383 1932; x_wconf 89' lang='lat' dir='ltr'>alia:</span> <span class='ocrx_word' id='word_1_85' title='bbox 421 1858 535 1931; x_wconf 78' lang='lat' dir='ltr'>»Ittat</span> <span class='ocrx_word' id='word_1_86' title='bbox 556 1860 755 1957; x_wconf 83' lang='lat' dir='ltr'>potissimum</span> <span class='ocrx_word' id='word_1_87' title='bbox 776 1855 945 1955; x_wconf 88' lang='lat' dir='ltr'>spectaoi‚”</span> <span class='ocrx_word' id='word_1_88' title='bbox 969 1855 1092 1954; x_wconf 84' lang='lat' dir='ltr'>inquit,</span> <span class='ocrx_word' id='word_1_89' title='bbox 1117 1868 1178 1926; x_wconf 80' lang='lat' dir='ltr'>cut</span> <span class='ocrx_word' id='word_1_90' title='bbox 1203 1856 1236 1926; x_wconf 84' lang='lat' dir='ltr'>io</span> <span class='ocrx_word' id='word_1_91' title='bbox 1253 1851 1324 1924; x_wconf 86' lang='lat' dir='ltr'>illu-</span> 
     </span>
     <span class='ocr_line' id='line_1_14' title="bbox 199 1976 1321 2080; baseline -0.005 -25"><span class='ocrx_word' id='word_1_92' title='bbox 199 1983 366 2056; x_wconf 78' lang='lat' dir='ltr'>ustraodis</span> <span class='ocrx_word' id='word_1_93' title='bbox 389 1983 550 2055; x_wconf 75' lang='lat' dir='ltr'>Ecclesiae</span> <span class='ocrx_word' id='word_1_94' title='bbox 567 1981 647 2078; x_wconf 78' lang='lat' dir='ltr'>fatis</span> <span class='ocrx_word' id='word_1_95' title='bbox 671 1984 773 2080; x_wconf 84' lang='lat' dir='ltr'>ipsum</span> <span class='ocrx_word' id='word_1_96' title='bbox 797 1980 949 2052; x_wconf 72' lang='lat' dir='ltr'>hominem</span> <span class='ocrx_word' id='word_1_97' title='bbox 971 1993 1114 2074; x_wconf 77' lang='lat' dir='ltr'>spontem</span> <span class='ocrx_word' id='word_1_98' title='bbox 1133 1976 1321 2051; x_wconf 81' lang='lat' dir='ltr'>animadver-</span> 
     </span>
     <span class='ocr_line' id='line_1_15' title="bbox 199 2099 1391 2203; baseline -0.01 -24"><span class='ocrx_word' id='word_1_99' title='bbox 199 2120 338 2179; x_wconf 82' lang='lat' dir='ltr'>otamus.</span> <span class='ocrx_word' id='word_1_100' title='bbox 390 2106 537 2178; x_wconf 76' lang='lat' dir='ltr'>Hominis</span> <span class='ocrx_word' id='word_1_101' title='bbox 561 2106 645 2176; x_wconf 83' lang='lat' dir='ltr'>enim</span> <span class='ocrx_word' id='word_1_102' title='bbox 668 2105 865 2203; x_wconf 73' lang='lat' dir='ltr'>pontiumque</span> <span class='ocrx_word' id='word_1_103' title='bbox 893 2103 1032 2175; x_wconf 76' lang='lat' dir='ltr'>varietas</span> <span class='ocrx_word' id='word_1_104' title='bbox 1059 2102 1203 2173; x_wconf 82' lang='lat' dir='ltr'>mamime</span> <span class='ocrx_word' id='word_1_105' title='bbox 1232 2099 1318 2198; x_wconf 87' lang='lat' dir='ltr'>putuit</span> <span class='ocrx_word' id='word_1_106' title='bbox 1390 2130 1391 2142; x_wconf 49' lang='lat'>¹</span> 
     </span>
     <span class='ocr_line' id='line_1_16' title="bbox 201 2223 1391 2325; baseline -0.009 -24"><span class='ocrx_word' id='word_1_107' title='bbox 201 2230 264 2302; x_wconf 83' lang='lat' dir='ltr'>»ia</span> <span class='ocrx_word' id='word_1_108' title='bbox 284 2231 432 2302; x_wconf 74' lang='lat' dir='ltr'>Historia</span> <span class='ocrx_word' id='word_1_109' title='bbox 453 2227 635 2316; x_wconf 65' lang='lat' dir='ltr'>Ecclesiae·</span> <span class='ocrx_word' id='word_1_110' title='bbox 659 2253 755 2325; x_wconf 85' lang='lat' dir='ltr'>neque</span> <span class='ocrx_word' id='word_1_111' title='bbox 780 2250 851 2298; x_wconf 89' lang='lat' dir='ltr'>eam</span> <span class='ocrx_word' id='word_1_112' title='bbox 876 2227 936 2297; x_wconf 84' lang='lat' dir='ltr'>rite</span> <span class='ocrx_word' id='word_1_113' title='bbox 960 2223 1122 2321; x_wconf 81' lang='lat' dir='ltr'>emplicore</span> <span class='ocrx_word' id='word_1_114' title='bbox 1149 2224 1311 2322; x_wconf 79' lang='lat' dir='ltr'>poterimus,</span> <span class='ocrx_word' id='word_1_115' title='bbox 1384 2277 1391 2305; x_wconf 65' lang='lat' dir='ltr'>t</span> 
     </span>
     <span class='ocr_line' id='line_1_17' title="bbox 202 2343 1314 2451; baseline -0.011 -24"><span class='ocrx_word' id='word_1_116' title='bbox 202 2355 291 2427; x_wconf 74' lang='lat' dir='ltr'>»nesi</span> <span class='ocrx_word' id='word_1_117' title='bbox 306 2353 486 2451; x_wconf 79' lang='lat' dir='ltr'>peculiaria</span> <span class='ocrx_word' id='word_1_118' title='bbox 512 2351 670 2424; x_wconf 81' lang='lat' dir='ltr'>lominum</span> <span class='ocrx_word' id='word_1_119' title='bbox 695 2350 892 2449; x_wconf 76' lang='lat' dir='ltr'>pontiumque</span> <span class='ocrx_word' id='word_1_120' title='bbox 916 2346 1022 2420; x_wconf 85' lang='lat' dir='ltr'>studia</span> <span class='ocrx_word' id='word_1_121' title='bbox 1039 2346 1076 2419; x_wconf 84' lang='lat' dir='ltr'>ob</span> <span class='ocrx_word' id='word_1_122' title='bbox 1102 2346 1203 2420; x_wconf 90' lang='lat' dir='ltr'>oculos</span> <span class='ocrx_word' id='word_1_123' title='bbox 1226 2343 1314 2417; x_wconf 76' lang='lat' dir='ltr'>tono</span> 
     </span>
    </p>
   </div>
   <div class='ocr_carea' id='block_1_3' title="bbox 198 2467 1391 3064">
    <p class='ocr_par' dir='ltr' id='par_1_4' title="bbox 201 2467 1380 2575">
     <span class='ocr_line' id='line_1_18' title="bbox 201 2467 1380 2575; baseline -0.01 -25"><span class='ocrx_word' id='word_1_124' title='bbox 201 2502 304 2551; x_wconf 84' lang='lat' dir='ltr'>umus.</span> <span class='ocrx_word' id='word_1_125' title='bbox 343 2478 422 2575; x_wconf 69' lang='lat' dir='ltr'>Apa</span> <span class='ocrx_word' id='word_1_126' title='bbox 446 2477 529 2548; x_wconf 85' lang='lat' dir='ltr'>enim</span> <span class='ocrx_word' id='word_1_127' title='bbox 552 2476 589 2547; x_wconf 82' lang='lat' dir='ltr'>io</span> <span class='ocrx_word' id='word_1_128' title='bbox 610 2474 774 2572; x_wconf 77' lang='lat' dir='ltr'>Reliqioae</span> <span class='ocrx_word' id='word_1_129' title='bbox 793 2475 893 2558; x_wconf 66' lang='lat' dir='ltr'>Deus·</span> <span class='ocrx_word' id='word_1_130' title='bbox 924 2472 958 2542; x_wconf 87' lang='lat' dir='ltr'>in</span> <span class='ocrx_word' id='word_1_131' title='bbox 986 2471 1135 2545; x_wconf 79' lang='lat' dir='ltr'>Ecclesid</span> <span class='ocrx_word' id='word_1_132' title='bbox 1158 2467 1268 2543; x_wconf 81' lang='lat' dir='ltr'>lomo.’&#39;</span> <span class='ocrx_word' id='word_1_133' title='bbox 1378 2518 1380 2538; x_wconf 56' lang='lat'>1</span> 
     </span>
    </p>

    <p class='ocr_par' dir='ltr' id='par_1_5' title="bbox 198 2596 1391 3064">
     <span class='ocr_line' id='line_1_19' title="bbox 250 2596 1391 2694; baseline -0.006 -21"><span class='ocrx_word' id='word_1_134' title='bbox 250 2602 372 2674; x_wconf 84' lang='lat' dir='ltr'>Verum</span> <span class='ocrx_word' id='word_1_135' title='bbox 400 2599 514 2673; x_wconf 87' lang='lat' dir='ltr'>ultimo</span> <span class='ocrx_word' id='word_1_136' title='bbox 538 2598 616 2681; x_wconf 85' lang='lat' dir='ltr'>huic</span> <span class='ocrx_word' id='word_1_137' title='bbox 635 2598 789 2671; x_wconf 76' lang='lat' dir='ltr'>Auctoris</span> <span class='ocrx_word' id='word_1_138' title='bbox 811 2598 954 2670; x_wconf 89' lang='lat' dir='ltr'>diotone</span> <span class='ocrx_word' id='word_1_139' title='bbox 976 2597 1060 2670; x_wconf 83' lang='lat' dir='ltr'>fonte</span> <span class='ocrx_word' id='word_1_140' title='bbox 1078 2596 1120 2669; x_wconf 90' lang='lat' dir='ltr'>ab</span> <span class='ocrx_word' id='word_1_141' title='bbox 1143 2597 1214 2694; x_wconf 84' lang='lat' dir='ltr'>ejus</span> <span class='ocrx_word' id='word_1_142' title='bbox 1232 2603 1313 2667; x_wconf 86' lang='lat' dir='ltr'>mente</span> <span class='ocrx_word' id='word_1_143' title='bbox 1386 2640 1391 2666; x_wconf 55' lang='lat'><em>2</em></span> 
     </span>
     <span class='ocr_line' id='line_1_20' title="bbox 202 2717 1382 2821; baseline -0.011 -24"><span class='ocrx_word' id='word_1_144' title='bbox 202 2724 307 2797; x_wconf 84' lang='lat' dir='ltr'>aliena</span> <span class='ocrx_word' id='word_1_145' title='bbox 325 2723 489 2798; x_wconf 79' lang='lat' dir='ltr'>tribuatur</span> <span class='ocrx_word' id='word_1_146' title='bbox 503 2724 673 2807; x_wconf 90' lang='lat' dir='ltr'>sententia,</span> <span class='ocrx_word' id='word_1_147' title='bbox 686 2746 772 2821; x_wconf 88' lang='lat' dir='ltr'>quae</span> <span class='ocrx_word' id='word_1_148' title='bbox 793 2747 868 2794; x_wconf 87' lang='lat' dir='ltr'>mox</span> <span class='ocrx_word' id='word_1_149' title='bbox 888 2720 1019 2818; x_wconf 83' lang='lat' dir='ltr'>subjicit</span> <span class='ocrx_word' id='word_1_150' title='bbox 1034 2745 1110 2792; x_wconf 90' lang='lat' dir='ltr'>cum</span> <span class='ocrx_word' id='word_1_151' title='bbox 1127 2719 1182 2792; x_wconf 89' lang='lat' dir='ltr'>illo</span> <span class='ocrx_word' id='word_1_152' title='bbox 1203 2717 1310 2791; x_wconf 92' lang='lat' dir='ltr'>omnino</span> <span class='ocrx_word' id='word_1_153' title='bbox 1380 2764 1382 2766; x_wconf 88' lang='lat'><em>-</em></span> 
     </span>
     <span class='ocr_line' id='line_1_21' title="bbox 202 2839 1391 2949; baseline -0.01 -29"><span class='ocrx_word' id='word_1_154' title='bbox 202 2847 297 2921; x_wconf 88' lang='lat' dir='ltr'>nobis</span> <span class='ocrx_word' id='word_1_155' title='bbox 313 2845 541 2945; x_wconf 82' lang='lat' dir='ltr'>conjungenda</span> <span class='ocrx_word' id='word_1_156' title='bbox 555 2860 640 2919; x_wconf 88' lang='lat' dir='ltr'>sunt.</span> <span class='ocrx_word' id='word_1_157' title='bbox 669 2846 717 2917; x_wconf 91' lang='lat' dir='ltr'>lbi</span> <span class='ocrx_word' id='word_1_158' title='bbox 734 2845 818 2918; x_wconf 88' lang='lat' dir='ltr'>enim</span> <span class='ocrx_word' id='word_1_159' title='bbox 832 2846 867 2916; x_wconf 87' lang='lat' dir='ltr'>io</span> <span class='ocrx_word' id='word_1_160' title='bbox 881 2845 954 2949; x_wconf 78' lang='lat' dir='ltr'>ipsd</span> <span class='ocrx_word' id='word_1_161' title='bbox 970 2844 1065 2916; x_wconf 87' lang='lat' dir='ltr'>etiam</span> <span class='ocrx_word' id='word_1_162' title='bbox 1080 2843 1241 2917; x_wconf 84' lang='lat' dir='ltr'>Ecclesiae</span> <span class='ocrx_word' id='word_1_163' title='bbox 1252 2839 1310 2913; x_wconf 82' lang='lat' dir='ltr'>Eit-</span> <span class='ocrx_word' id='word_1_164' title='bbox 1381 2883 1391 2909; x_wconf 48' lang='lat'>¹.</span> 
     </span>
     <span class='ocr_line' id='line_1_22' title="bbox 198 2965 1386 3064; baseline -0.008 -20"><span class='ocrx_word' id='word_1_165' title='bbox 198 2972 287 3045; x_wconf 83' lang='lat' dir='ltr'>torid</span> <span class='ocrx_word' id='word_1_166' title='bbox 300 2971 453 3044; x_wconf 83' lang='lat' dir='ltr'>Divinam</span> <span class='ocrx_word' id='word_1_167' title='bbox 472 2969 693 3043; x_wconf 74' lang='lat' dir='ltr'>claudendam</span> <span class='ocrx_word' id='word_1_168' title='bbox 706 2993 769 3042; x_wconf 87' lang='lat' dir='ltr'>esse</span> <span class='ocrx_word' id='word_1_169' title='bbox 790 2993 900 3040; x_wconf 80' lang='lat' dir='ltr'>cacam</span> <span class='ocrx_word' id='word_1_170' title='bbox 920 2966 1063 3064; x_wconf 82' lang='lat' dir='ltr'>graviter</span> <span class='ocrx_word' id='word_1_171' title='bbox 1081 2981 1209 3054; x_wconf 81' lang='lat' dir='ltr'>monet3</span> <span class='ocrx_word' id='word_1_172' title='bbox 1232 2965 1311 3040; x_wconf 79' lang='lat' dir='ltr'>aas</span> <span class='ocrx_word' id='word_1_173' title='bbox 1384 3006 1386 3027; x_wconf 57' lang='grc' dir='ltr'>ι</span> 
     </span>
    </p>
   </div>
   <div class='ocr_carea' id='block_1_4' title="bbox 202 3123 358 3135">
    <p class='ocr_par' dir='ltr' id='par_1_6' title="bbox 202 3123 358 3135">
     <span class='ocr_line' id='line_1_23' title="bbox 202 3123 358 3135; baseline -0.006 0"><span class='ocrx_word' id='word_1_174' title='bbox 202 3123 358 3135; x_wconf 39' lang='grc' dir='ltr'><em>..ο-ὥ·-</em></span> 
     </span>
    </p>
   </div>
   <div class='ocr_carea' id='block_1_5' title="bbox 198 3188 1344 3664">
    <p class='ocr_par' dir='ltr' id='par_1_7' title="bbox 198 3188 1344 3664">
     <span class='ocr_line' id='line_1_24' title="bbox 239 3188 1315 3266; baseline -0.005 -19"><span class='ocrx_word' id='word_1_175' title='bbox 239 3196 285 3265; x_wconf 84' lang='lat'>(1)</span> <span class='ocrx_word' id='word_1_176' title='bbox 305 3193 348 3249; x_wconf 94' lang='lat' dir='ltr'>De</span> <span class='ocrx_word' id='word_1_177' title='bbox 368 3198 494 3266; x_wconf 70' lang='lat' dir='ltr'>utraque,</span> <span class='ocrx_word' id='word_1_178' title='bbox 514 3210 596 3266; x_wconf 86' lang='lat' dir='ltr'>quam</span> <span class='ocrx_word' id='word_1_179' title='bbox 616 3192 799 3261; x_wconf 81' lang='lat' dir='ltr'>laudavimus,</span> <span class='ocrx_word' id='word_1_180' title='bbox 819 3192 945 3247; x_wconf 85' lang='lat' dir='ltr'>oratione</span> <span class='ocrx_word' id='word_1_181' title='bbox 965 3192 1021 3246; x_wconf 87' lang='lat' dir='ltr'>vid.</span> <span class='ocrx_word' id='word_1_182' title='bbox 1044 3190 1195 3246; x_wconf 86' lang='lat' dir='ltr'>Glnsius</span> <span class='ocrx_word' id='word_1_183' title='bbox 1215 3191 1234 3243; x_wconf 92' lang='lat' dir='ltr'>l.</span> <span class='ocrx_word' id='word_1_184' title='bbox 1248 3188 1267 3242; x_wconf 85' lang='lat'>1.</span> <span class='ocrx_word' id='word_1_185' title='bbox 1285 3196 1315 3236; x_wconf 72' lang='lat'>³0¹</span> 
     </span>
     <span class='ocr_line' id='line_1_25' title="bbox 201 3279 1322 3367; baseline -0.007 -19"><span class='ocrx_word' id='word_1_186' title='bbox 201 3292 321 3367; x_wconf 85' lang='lat' dir='ltr'>paratim</span> <span class='ocrx_word' id='word_1_187' title='bbox 340 3292 429 3348; x_wconf 84' lang='lat' dir='ltr'>factae</span> <span class='ocrx_word' id='word_1_188' title='bbox 449 3293 493 3346; x_wconf 89' lang='lat' dir='ltr'>ed.</span> <span class='ocrx_word' id='word_1_189' title='bbox 515 3311 544 3365; x_wconf 94' lang='lat' dir='ltr'>p.</span> <span class='ocrx_word' id='word_1_190' title='bbox 569 3299 614 3346; x_wconf 76' lang='lat'>14.</span> <span class='ocrx_word' id='word_1_191' title='bbox 638 3299 682 3346; x_wconf 79' lang='lat' dir='ltr'>lo.</span> <span class='ocrx_word' id='word_1_192' title='bbox 722 3291 766 3347; x_wconf 86' lang='lat' dir='ltr'>Ex</span> <span class='ocrx_word' id='word_1_193' title='bbox 786 3291 942 3366; x_wconf 82' lang='lat' dir='ltr'>posteriore</span> <span class='ocrx_word' id='word_1_194' title='bbox 964 3289 1047 3346; x_wconf 85' lang='lat' dir='ltr'>etiam</span> <span class='ocrx_word' id='word_1_195' title='bbox 1067 3297 1151 3362; x_wconf 87' lang='lat' dir='ltr'>atque</span> <span class='ocrx_word' id='word_1_196' title='bbox 1171 3307 1207 3344; x_wconf 82' lang='lat' dir='ltr'>ex</span> <span class='ocrx_word' id='word_1_197' title='bbox 1227 3279 1322 3361; x_wconf 68' lang='lat' dir='ltr'>adjecti</span> 
     </span>
     <span class='ocr_line' id='line_1_26' title="bbox 199 3388 1327 3464; baseline -0.009 -16"><span class='ocrx_word' id='word_1_198' title='bbox 199 3392 319 3448; x_wconf 88' lang='lat' dir='ltr'>maxime</span> <span class='ocrx_word' id='word_1_199' title='bbox 345 3391 526 3447; x_wconf 84' lang='lat' dir='ltr'>annotatione</span> <span class='ocrx_word' id='word_1_200' title='bbox 551 3391 686 3446; x_wconf 87' lang='lat' dir='ltr'>nonnulla</span> <span class='ocrx_word' id='word_1_201' title='bbox 704 3408 748 3446; x_wconf 90' lang='lat' dir='ltr'>me</span> <span class='ocrx_word' id='word_1_202' title='bbox 772 3391 885 3464; x_wconf 89' lang='lat' dir='ltr'>quidem</span> <span class='ocrx_word' id='word_1_203' title='bbox 906 3390 1044 3458; x_wconf 85' lang='lat' dir='ltr'>didicisse,</span> <span class='ocrx_word' id='word_1_204' title='bbox 1066 3406 1138 3462; x_wconf 89' lang='lat' dir='ltr'>quae</span> <span class='ocrx_word' id='word_1_205' title='bbox 1158 3388 1327 3460; x_wconf 66' lang='lat' dir='ltr'>ignorarem</span> 
     </span>
     <span class='ocr_line' id='line_1_27' title="bbox 198 3467 1336 3564; baseline -0.006 -16"><span class='ocrx_word' id='word_1_206' title='bbox 198 3492 331 3549; x_wconf 77' lang='lat' dir='ltr'>historica</span> <span class='ocrx_word' id='word_1_207' title='bbox 340 3492 438 3547; x_wconf 88' lang='lat' dir='ltr'>lubens</span> <span class='ocrx_word' id='word_1_208' title='bbox 448 3491 566 3546; x_wconf 83' lang='lat' dir='ltr'>offirmo.</span> <span class='ocrx_word' id='word_1_209' title='bbox 587 3491 733 3546; x_wconf 80' lang='lat' dir='ltr'>Caeterum</span> <span class='ocrx_word' id='word_1_210' title='bbox 745 3493 820 3562; x_wconf 91' lang='lat' dir='ltr'>qnod</span> <span class='ocrx_word' id='word_1_211' title='bbox 832 3494 866 3546; x_wconf 89' lang='lat' dir='ltr'>de</span> <span class='ocrx_word' id='word_1_212' title='bbox 878 3491 970 3564; x_wconf 83' lang='lat' dir='ltr'>priore</span> <span class='ocrx_word' id='word_1_213' title='bbox 984 3494 1101 3563; x_wconf 73' lang='lat' dir='ltr'>utraque</span> <span class='ocrx_word' id='word_1_214' title='bbox 1110 3486 1282 3562; x_wconf 80' lang='lat' dir='ltr'>Royeard</span> <span class='ocrx_word' id='word_1_215' title='bbox 1292 3467 1336 3532; x_wconf 60' lang='lat' dir='ltr'>*ll</span> 
     </span>
     <span class='ocr_line' id='line_1_28' title="bbox 201 3579 1344 3664; baseline -0.004 -17"><span class='ocrx_word' id='word_1_216' title='bbox 201 3608 244 3647; x_wconf 86' lang='lat' dir='ltr'>or.</span> <span class='ocrx_word' id='word_1_217' title='bbox 260 3592 353 3664; x_wconf 88' lang='lat' dir='ltr'>paullo</span> <span class='ocrx_word' id='word_1_218' title='bbox 370 3591 450 3664; x_wconf 87' lang='lat' dir='ltr'>plura</span> <span class='ocrx_word' id='word_1_219' title='bbox 464 3591 507 3644; x_wconf 81' lang='lat' dir='ltr'>hic</span> <span class='ocrx_word' id='word_1_220' title='bbox 523 3590 592 3659; x_wconf 80' lang='lat' dir='ltr'>dixi,</span> <span class='ocrx_word' id='word_1_221' title='bbox 608 3608 643 3645; x_wconf 90' lang='lat' dir='ltr'>ne</span> <span class='ocrx_word' id='word_1_222' title='bbox 657 3593 834 3663; x_wconf 84' lang='lat' dir='ltr'>postmodum</span> <span class='ocrx_word' id='word_1_223' title='bbox 856 3593 890 3645; x_wconf 85' lang='lat' dir='ltr'>ad</span> <span class='ocrx_word' id='word_1_224' title='bbox 904 3608 951 3646; x_wconf 88' lang='lat' dir='ltr'>eas</span> <span class='ocrx_word' id='word_1_225' title='bbox 963 3590 1135 3647; x_wconf 90' lang='lat' dir='ltr'>redeundum</span> <span class='ocrx_word' id='word_1_226' title='bbox 1148 3597 1224 3645; x_wconf 83' lang='lat' dir='ltr'>esset</span> <span class='ocrx_word' id='word_1_227' title='bbox 1239 3579 1344 3643; x_wconf 67' lang='lat' dir='ltr'>feciflle</span> 
     </span>
    </p>
   </div>
   <div class='ocr_carea' id='block_1_6' title="bbox 88 3692 513 3748">
    <p class='ocr_par' dir='ltr' id='par_1_8' title="bbox 88 3692 513 3748">
     <span class='ocr_line' id='line_1_29' title="bbox 88 3692 513 3748; baseline -0.014 2"><span class='ocrx_word' id='word_1_228' title='bbox 88 3729 90 3732; x_wconf 94' lang='lat'>-</span> <span class='ocrx_word' id='word_1_229' title='bbox 200 3709 245 3748; x_wconf 90' lang='lat' dir='ltr'>me</span> <span class='ocrx_word' id='word_1_230' title='bbox 264 3693 352 3747; x_wconf 84' lang='lat' dir='ltr'>sciant</span> <span class='ocrx_word' id='word_1_231' title='bbox 372 3692 513 3746; x_wconf 84' lang='lat' dir='ltr'>Lectores.</span> 
     </span>
    </p>
   </div>
   <div class='ocr_carea' id='block_1_7' title="bbox 200 3768 1372 4550">
    <p class='ocr_par' dir='ltr' id='par_1_9' title="bbox 200 3768 1372 4550">
     <span class='ocr_line' id='line_1_30' title="bbox 237 3768 1360 3862; baseline -0.006 -18"><span class='ocrx_word' id='word_1_232' title='bbox 237 3793 286 3862; x_wconf 83' lang='lat'>(2)</span> <span class='ocrx_word' id='word_1_233' title='bbox 306 3792 372 3846; x_wconf 93' lang='lat' dir='ltr'>Vid.</span> <span class='ocrx_word' id='word_1_234' title='bbox 390 3792 488 3861; x_wconf 81' lang='lat' dir='ltr'>prioris</span> <span class='ocrx_word' id='word_1_235' title='bbox 507 3791 585 3845; x_wconf 86' lang='lat' dir='ltr'>Fase.</span> <span class='ocrx_word' id='word_1_236' title='bbox 607 3809 672 3862; x_wconf 82' lang='lat' dir='ltr'>pag.</span> <span class='ocrx_word' id='word_1_237' title='bbox 696 3789 764 3845; x_wconf 89' lang='lat' dir='ltr'><strong>VII.</strong></span> <span class='ocrx_word' id='word_1_238' title='bbox 795 3789 867 3844; x_wconf 90' lang='lat' dir='ltr'>Item</span> <span class='ocrx_word' id='word_1_239' title='bbox 888 3789 1013 3845; x_wconf 81' lang='lat' dir='ltr'>conferre</span> <span class='ocrx_word' id='word_1_240' title='bbox 1031 3786 1147 3861; x_wconf 83' lang='lat' dir='ltr'>expedit</span> <span class='ocrx_word' id='word_1_241' title='bbox 1167 3804 1240 3860; x_wconf 87' lang='lat' dir='ltr'>quae</span> <span class='ocrx_word' id='word_1_242' title='bbox 1260 3794 1322 3860; x_wconf 85' lang='lat' dir='ltr'>po</span> <span class='ocrx_word' id='word_1_243' title='bbox 1331 3768 1360 3818; x_wconf 64' lang='lat' dir='ltr'>ll·</span> 
     </span>
     <span class='ocr_line' id='line_1_31' title="bbox 201 3865 1365 3963; baseline -0.007 -17"><span class='ocrx_word' id='word_1_244' title='bbox 201 3892 324 3960; x_wconf 90' lang='lat' dir='ltr'>modum,</span> <span class='ocrx_word' id='word_1_245' title='bbox 347 3891 433 3963; x_wconf 86' lang='lat' dir='ltr'>ipsius</span> <span class='ocrx_word' id='word_1_246' title='bbox 455 3892 542 3962; x_wconf 80' lang='lat' dir='ltr'>Comp.</span> <span class='ocrx_word' id='word_1_247' title='bbox 565 3892 656 3960; x_wconf 84' lang='lat' dir='ltr'>initio,</span> <span class='ocrx_word' id='word_1_248' title='bbox 678 3899 774 3946; x_wconf 86' lang='lat' dir='ltr'>monet</span> <span class='ocrx_word' id='word_1_249' title='bbox 793 3891 860 3945; x_wconf 87' lang='lat' dir='ltr'>ubi:</span> <span class='ocrx_word' id='word_1_250' title='bbox 891 3890 1028 3946; x_wconf 86' lang='lat' dir='ltr'>nHistoria</span> <span class='ocrx_word' id='word_1_251' title='bbox 1046 3889 1178 3944; x_wconf 82' lang='lat' dir='ltr'>Ecclesiae</span> <span class='ocrx_word' id='word_1_252' title='bbox 1195 3865 1365 3941; x_wconf 59' lang='lat' dir='ltr'>ocissime</span> 
     </span>
     <span class='ocr_line' id='line_1_32' title="bbox 201 3971 1370 4065; baseline -0.003 -21"><span class='ocrx_word' id='word_1_253' title='bbox 201 4000 256 4048; x_wconf 75' lang='lat' dir='ltr'>sest</span> <span class='ocrx_word' id='word_1_254' title='bbox 272 3991 431 4061; x_wconf 46' lang='lat' dir='ltr'>conpuncta?</span> <span class='ocrx_word' id='word_1_255' title='bbox 452 3992 553 4065; x_wconf 82' lang='lat' dir='ltr'>iuquit,</span> <span class='ocrx_word' id='word_1_256' title='bbox 573 4009 647 4046; x_wconf 85' lang='lat' dir='ltr'>neam</span> <span class='ocrx_word' id='word_1_257' title='bbox 658 3991 776 4046; x_wconf 76' lang='lat' dir='ltr'>Historia</span> <span class='ocrx_word' id='word_1_258' title='bbox 790 3992 911 4060; x_wconf 73' lang='lat' dir='ltr'>qeatium,</span> <span class='ocrx_word' id='word_1_259' title='bbox 923 4007 1027 4061; x_wconf 83' lang='lat' dir='ltr'>cumque</span> <span class='ocrx_word' id='word_1_260' title='bbox 1037 3988 1199 4059; x_wconf 82' lang='lat' dir='ltr'>potissimum</span> <span class='ocrx_word' id='word_1_261' title='bbox 1214 3971 1370 4042; x_wconf 59' lang='lat' dir='ltr'>tonanti</span> 
     </span>
     <span class='ocr_line' id='line_1_33' title="bbox 202 4072 1372 4164; baseline -0.004 -19"><span class='ocrx_word' id='word_1_262' title='bbox 202 4101 318 4164; x_wconf 74' lang='lat' dir='ltr'>aspecta,</span> <span class='ocrx_word' id='word_1_263' title='bbox 331 4091 490 4161; x_wconf 82' lang='lat' dir='ltr'>aliquatenus</span> <span class='ocrx_word' id='word_1_264' title='bbox 505 4091 584 4159; x_wconf 80' lang='lat' dir='ltr'>refert</span> <span class='ocrx_word' id='word_1_265' title='bbox 603 4091 746 4144; x_wconf 86' lang='lat' dir='ltr'>Historiam</span> <span class='ocrx_word' id='word_1_266' title='bbox 761 4089 968 4144; x_wconf 83' lang='lat' dir='ltr'>Humanitatis.”</span> <span class='ocrx_word' id='word_1_267' title='bbox 980 4120 1015 4130; x_wconf 89' lang='lat'>-</span> <span class='ocrx_word' id='word_1_268' title='bbox 1027 4088 1113 4142; x_wconf 83' lang='lat' dir='ltr'>Plura</span> <span class='ocrx_word' id='word_1_269' title='bbox 1125 4088 1181 4142; x_wconf 87' lang='lat' dir='ltr'>elia</span> <span class='ocrx_word' id='word_1_270' title='bbox 1198 4087 1227 4141; x_wconf 92' lang='lat' dir='ltr'>in</span> <span class='ocrx_word' id='word_1_271' title='bbox 1240 4084 1308 4141; x_wconf 75' lang='lat' dir='ltr'>eccl</span> <span class='ocrx_word' id='word_1_272' title='bbox 1317 4072 1372 4118; x_wconf 47' lang='grc' dir='ltr'>ἕω</span> 
     </span>
     <span class='ocr_line' id='line_1_34' title="bbox 200 4171 1372 4265; baseline -0.005 -17"><span class='ocrx_word' id='word_1_273' title='bbox 200 4210 302 4265; x_wconf 84' lang='lat' dir='ltr'>genere</span> <span class='ocrx_word' id='word_1_274' title='bbox 322 4192 456 4265; x_wconf 83' lang='lat' dir='ltr'>Collegae</span> <span class='ocrx_word' id='word_1_275' title='bbox 476 4192 550 4247; x_wconf 87' lang='lat' dir='ltr'>dicta</span> <span class='ocrx_word' id='word_1_276' title='bbox 570 4193 668 4246; x_wconf 72' lang='lat' dir='ltr'>offense</span> <span class='ocrx_word' id='word_1_277' title='bbox 694 4190 775 4245; x_wconf 80' lang='lat' dir='ltr'>facile</span> <span class='ocrx_word' id='word_1_278' title='bbox 802 4190 847 4244; x_wconf 86' lang='lat' dir='ltr'>nit.</span> <span class='ocrx_word' id='word_1_279' title='bbox 887 4189 992 4243; x_wconf 81' lang='lat' dir='ltr'>Verum</span> <span class='ocrx_word' id='word_1_280' title='bbox 1012 4189 1099 4254; x_wconf 85' lang='lat' dir='ltr'>haee,</span> <span class='ocrx_word' id='word_1_281' title='bbox 1117 4195 1149 4243; x_wconf 85' lang='lat' dir='ltr'>ut</span> <span class='ocrx_word' id='word_1_282' title='bbox 1166 4188 1195 4242; x_wconf 90' lang='lat' dir='ltr'>in</span> <span class='ocrx_word' id='word_1_283' title='bbox 1215 4188 1297 4243; x_wconf 74' lang='lat' dir='ltr'>clara</span> <span class='ocrx_word' id='word_1_284' title='bbox 1348 4171 1372 4215; x_wconf 67' lang='lat'>¹⁸⁰</span> 
     </span>
     <span class='ocr_line' id='line_1_35' title="bbox 200 4264 1368 4366; baseline -0.006 -18"><span class='ocrx_word' id='word_1_285' title='bbox 200 4301 284 4366; x_wconf 85' lang='lat' dir='ltr'>atque</span> <span class='ocrx_word' id='word_1_286' title='bbox 303 4294 445 4366; x_wconf 77' lang='lat' dir='ltr'>expedita,</span> <span class='ocrx_word' id='word_1_287' title='bbox 461 4310 533 4347; x_wconf 90' lang='lat' dir='ltr'>nnuc</span> <span class='ocrx_word' id='word_1_288' title='bbox 551 4292 662 4364; x_wconf 89' lang='lat' dir='ltr'>quidem</span> <span class='ocrx_word' id='word_1_289' title='bbox 681 4289 828 4345; x_wconf 84' lang='lat' dir='ltr'>sufficiant.</span> <span class='ocrx_word' id='word_1_290' title='bbox 852 4289 943 4354; x_wconf 83' lang='lat' dir='ltr'>Quum</span> <span class='ocrx_word' id='word_1_291' title='bbox 963 4289 1126 4362; x_wconf 85' lang='lat' dir='ltr'>praesertim</span> <span class='ocrx_word' id='word_1_292' title='bbox 1142 4288 1215 4342; x_wconf 82' lang='lat' dir='ltr'>infru</span> <span class='ocrx_word' id='word_1_293' title='bbox 1229 4305 1263 4344; x_wconf 86' lang='lat' dir='ltr'>ea</span> <span class='ocrx_word' id='word_1_294' title='bbox 1281 4278 1320 4341; x_wconf 70' lang='grc' dir='ltr'>ἃ</span> <span class='ocrx_word' id='word_1_295' title='bbox 1332 4264 1368 4320; x_wconf 53' lang='lat'>¹⁶⁰*</span> 
     </span>
     <span class='ocr_line' id='line_1_36' title="bbox 201 4376 1364 4465; baseline -0.008 -17"><span class='ocrx_word' id='word_1_296' title='bbox 201 4393 256 4448; x_wconf 90' lang='lat' dir='ltr'>turi</span> <span class='ocrx_word' id='word_1_297' title='bbox 281 4394 382 4459; x_wconf 86' lang='lat' dir='ltr'>simus,</span> <span class='ocrx_word' id='word_1_298' title='bbox 413 4411 484 4465; x_wconf 85' lang='lat' dir='ltr'>quac</span> <span class='ocrx_word' id='word_1_299' title='bbox 510 4411 545 4446; x_wconf 90' lang='lat' dir='ltr'>ne</span> <span class='ocrx_word' id='word_1_300' title='bbox 573 4400 779 4447; x_wconf 87' lang='lat' dir='ltr'>memorataca</span> <span class='ocrx_word' id='word_1_301' title='bbox 805 4390 884 4445; x_wconf 90' lang='lat' dir='ltr'>uobis</span> <span class='ocrx_word' id='word_1_302' title='bbox 907 4397 991 4461; x_wconf 89' lang='lat' dir='ltr'>atque</span> <span class='ocrx_word' id='word_1_303' title='bbox 1014 4392 1049 4444; x_wconf 82' lang='lat' dir='ltr'>ab</span> <span class='ocrx_word' id='word_1_304' title='bbox 1076 4389 1204 4444; x_wconf 82' lang='lat' dir='ltr'>omnibus</span> <span class='ocrx_word' id='word_1_305' title='bbox 1225 4376 1364 4458; x_wconf 60' lang='lat' dir='ltr'>agniffll</span> 
     </span>
     <span class='ocr_line' id='line_1_37' title="bbox 201 4481 1352 4550; baseline -0.007 -2"><span class='ocrx_word' id='word_1_306' title='bbox 201 4495 356 4550; x_wconf 86' lang='lat' dir='ltr'>Heucdii</span> <span class='ocrx_word' id='word_1_307' title='bbox 376 4494 524 4549; x_wconf 89' lang='lat' dir='ltr'>imitationi</span> <span class='ocrx_word' id='word_1_308' title='bbox 545 4493 658 4548; x_wconf 92' lang='lat' dir='ltr'>nimium</span> <span class='ocrx_word' id='word_1_309' title='bbox 676 4493 799 4548; x_wconf 85' lang='lat' dir='ltr'>tribuant</span> <span class='ocrx_word' id='word_1_310' title='bbox 820 4499 930 4546; x_wconf 84' lang='lat' dir='ltr'>nostros</span> <span class='ocrx_word' id='word_1_311' title='bbox 947 4507 1045 4546; x_wconf 82' lang='lat' dir='ltr'>cavere</span> <span class='ocrx_word' id='word_1_312' title='bbox 1066 4492 1185 4545; x_wconf 84' lang='lat' dir='ltr'>doceant</span> <span class='ocrx_word' id='word_1_313' title='bbox 1205 4481 1352 4543; x_wconf 64' lang='lat' dir='ltr'>tentaret·</span> 
     </span>
    </p>
   </div>
   <div class='ocr_carea' id='block_1_8' title="bbox 0 0 1397 4958">
    <p class='ocr_par' dir='ltr' id='par_1_10' title="bbox 0 0 1397 4958">
     <span class='ocr_line' id='line_1_38' title="bbox 0 0 1397 4958; baseline 0 0"><span class='ocrx_word' id='word_1_314' title='bbox 0 0 1397 4958; x_wconf 95' lang='lat' dir='ltr'> </span> 
     </span>
    </p>
   </div>
   <div class='ocr_carea' id='block_1_9' title="bbox 1387 2520 1389 3037">
    <p class='ocr_par' dir='ltr' id='par_1_11' title="bbox 1387 2520 1389 3037">
     <span class='ocr_line' id='line_1_39' title="bbox 1387 2520 1389 3037; baseline 0 0"><span class='ocrx_word' id='word_1_315' title='bbox 1387 2520 1389 3037; x_wconf 95' lang='lat' dir='ltr'> </span> 
     </span>
    </p>
   </div>
  </div>
 </body>
</html>
