2782 4958
128 333 169 397 tt
615 354 766 397 nannamo

127 520 392 607 Uilmannum,
416 521 491 618 quis
515 546 579 592 non
599 545 727 594 mecum
746 519 854 593 doleat
868 532 1053 593 nostrarum
1068 520 1260 592 amansLit-

126 648 291 718 terarum?
308 643 370 741 (t)
390 688 432 699 -
451 645 573 716 Verum
597 669 638 716 ne
663 670 723 716 nos
746 644 788 716 ab
814 643 960 715 instituta
985 641 1123 716 devocet
1143 667 1260 714 narra-

126 767 213 840 tione
231 791 422 864 magnorum
450 766 596 854 illorum,
618 767 675 866 qui
698 792 804 865 nuper
823 767 991 855 obierunt,
1015 766 1254 862 Theologorunx

125 905 249 963 moesta
270 890 468 975 recordatio,
492 889 644 987 Collegae
668 889 709 962 de
733 889 1049 988 peregrinationibus
1072 914 1170 962 unum
1190 889 1260 962 boc

126 1011 313 1085 addiderim.
351 1016 552 1112 Frequentes
575 1015 661 1110 ejus,
680 1013 722 1086 de
743 1014 864 1113 quibus
886 1012 1042 1100 diximus,
1065 1012 1108 1085 ad
1130 1025 1253 1085 exteros

125 1162 284 1209 excursus
312 1138 338 1208 si
367 1135 409 1209 ad
436 1137 583 1234 corporis
611 1137 697 1209 vires
724 1136 983 1210 corroborandas
1016 1135 1181 1224 valebant,
1207 1135 1250 1208 ad

125 1259 267 1332 animum
291 1259 361 1332 utili
384 1260 491 1332 variae
512 1258 679 1333 doctrinae
699 1260 820 1358 pabulo
838 1259 1048 1333 nutriendum
1067 1284 1132 1331 non
1150 1258 1244 1332 minus

127 1381 275 1455 efficaces
304 1383 404 1456 fuisse
432 1383 586 1456 censendi
614 1397 693 1456 sunt
721 1409 760 1457 ac
788 1384 955 1457 fructuosi.
1008 1381 1131 1469 Quidni
1160 1382 1242 1480 igitur

127 1505 252 1579 felicem
280 1532 356 1579 eum
381 1506 621 1604 praedicemus,
653 1508 725 1606 qui,
752 1533 854 1607 quum
879 1507 953 1579 olim
976 1504 1132 1578 laudabili
1145 1504 1237 1578 inisset

127 1629 236 1703 socius
256 1628 440 1728 adscriptus
462 1633 619 1727 juvenum
642 1629 810 1717 sodalitio,
836 1629 925 1730 quod
950 1629 1033 1702 Utile
1058 1629 1155 1701 chs'
1177 1629 1236 1699 mis·

128 1753 218 1825 cendi
243 1753 387 1828 studium
420 1755 650 1854 profitebatur,
683 1758 749 1854 jam
776 1760 904 1829 matura
931 1757 988 1828 Vir
1026 1765 1133 1827 aetate
1163 1775 1236 1849 perc·
1282 1784 1284 1859 ᾗ

128 1877 286 1974 grinando
302 1877 386 1952 idem
401 1892 595 1978 sequeretur
609 1893 709 1980 atque
729 1893 958 1978 assequeretur
971 1877 1151 1966 consilinm,
1164 1875 1236 1948 adeo·
1282 1902 1284 1907 ·

128 2025 209 2099 que,
238 2013 270 2073 et
301 2002 377 2076 olim
412 2017 445 2075 et
474 2029 582 2090 nunc,
613 2029 690 2077 vere
719 2017 870 2078 monente
897 2005 1014 2089 Poeta,
1043 2026 1133 2073 omne
1160 1999 1237 2094 ferret

125 2128 302 2221 puuctum?

174 2500 248 2572 Non
273 2498 397 2570 lentum
415 2509 503 2583 erat,
532 2496 590 2570 sed
613 2496 772 2570 fervidum
797 2496 905 2596 potins
927 2509 1027 2596 atque
1044 2509 1241 2580 exaestuans,

128 2617 216 2717 quod
255 2620 381 2692 Natura
418 2619 539 2690 Parens
575 2619 834 2718 Royaardsic
871 2617 1046 2708 indiderat,
1091 2619 1243 2717 ingenium

127 2753 227 2839 atque
256 2740 390 2814 indoles.
442 2742 544 2838 Cujus
572 2743 755 2817 universam
777 2743 809 2815 in
832 2743 929 2815 vitam
963 2742 1113 2841 apprime
1135 2742 1244 2816 dictum

128 2862 359 2951 conveniebat,
388 2888 454 2962 quo
476 2863 601 2960 linquae
621 2863 807 2962 singulatim
828 2865 1033 2962 properantis
1052 2865 1244 2938 velocitatem

127 2986 266 3059 subinde
302 2986 436 3085 pingere
477 2987 627 3060 novimus
665 2989 855 3058 Homerum:
918 2985 1009 3060 ἔπεα
1056 2992 1246 3086 nrrpca'rro

127 3109 328 3207 πρόσηυδα.
388 3111 574 3184 Festinante
608 3113 692 3184 enim
735 3137 791 3186 ore
826 3111 1006 3209 linguntque
1048 3137 1116 3184 non
1151 3111 1245 3183 solum

125 3234 274 3330 privatim
302 3234 514 3333 loquebatur,
540 3234 598 3308 sed
625 3235 756 3333 publice
778 3235 875 3307 etiam
901 3234 1039 3308 dicebat.
1090 3234 1142 3306 Ac
1162 3229 1246 3332 pauci

11 3356 14 3362 ’
126 3370 228 3446 erant,
265 3357 307 3430 de
330 3355 486 3430 cathedra
506 3355 557 3428 vei
575 3359 668 3428 sacra
693 3355 743 3429 vel
768 3356 953 3429 academica
969 3356 1071 3429 verba
1092 3354 1245 3440 facientes,

127 3483 292 3571 Oratores,
317 3482 373 3581 qui
399 3494 463 3554 tam
485 3477 601 3568 multa,
628 3504 725 3578 quam
755 3479 902 3565 Amicus,
929 3483 1027 3550 unius
1057 3478 1196 3576 alicujus
1223 3485 1247 3548 et

128 3605 217 3704 quod
238 3605 321 3678 forte
342 3604 537 3677 excurrebat
554 3606 656 3676 horae
672 3603 789 3701 spatio,
808 3601 980 3700 perspicua
1004 3626 1044 3674 ac
1060 3601 1150 3674 ciart
1169 3623 1248 3674 com·

167 3909 213 3979 (1)
233 3907 276 3962 De
296 3908 356 3980 ipso
373 3924 456 3980 opere
470 3923 553 3979 snpra
568 3905 699 3960 diximus.
727 3905 847 3974 Epistola
862 3911 955 3958 autem
973 3900 1068 3974 plnres
1084 3899 1155 3955 alios
1173 3899 1247 3954 hono·

127 4008 203 4062 rifice
222 4013 373 4075 memorat,
395 4006 557 4078 quibuscum
577 4003 724 4059 amicitiam
751 4011 799 4058 aut
824 4003 952 4058 notitiam
977 4009 1052 4057 certe
1076 3999 1248 4055 contraxisset

127 4107 243 4176 Auctor,
266 4105 431 4162 Germaniae
451 4105 623 4175 Theolcgos.
662 4104 697 4157 In
719 4102 753 4157 iis
772 4120 849 4170 vero,
869 4119 988 4174 qnorum
1005 4100 1082 4154 nulla
1100 4100 1140 4156 ibi
1158 4095 1248 4155 mentio

128 4215 181 4276 cst,
202 4214 262 4263 erat
281 4204 447 4262 venerabilis
466 4204 513 4259 ille
533 4205 679 4276 Hngius,
698 4203 904 4276 Fribnrgensis3
927 4210 988 4258 erat
1007 4202 1075 4258 item
1095 4201 1247 4257 Heidelber-

129 4309 255 4380 gcnsinm
275 4307 436 4377 Theologus
465 4306 641 4376 grandaevus
669 4303 810 4358 Paulus.
849 4303 892 4356 De
922 4309 1042 4373 utroque
1071 4301 1146 4357 enim
1169 4318 1199 4355 ac
1223 4297 1248 4350 de

129 4407 264 4480 pluribus,
284 4425 402 4478 qnorum
421 4405 490 4460 alios
511 4403 566 4459 alio
592 4411 718 4476 tempore
744 4403 861 4470 adierat,
892 4401 1014 4469 suaviter
1033 4419 1097 4458 eum
1117 4399 1182 4456 mihi
1199 4411 1249 4454 nar·

132 4525 194 4564 rare
213 4506 333 4565 memini.
373 4505 415 4562 cf.
435 4503 548 4560 Kistii
567 4501 705 4571 Meritoria,
727 4520 756 4574 p.
777 4508 845 4557 etr.
