2782 4958
132 337 196 400 208
579 353 619 396 na
641 352 724 395 nine.
750 342 816 393 aar.

176 527 277 610 Longe
308 523 423 588 diutius
453 541 523 586 vero
554 520 649 585 eidem
682 541 735 585 sua
747 565 757 600 ,
796 537 872 602 quae
902 517 1072 602 antiquitus
1101 519 1250 603 habuerat,

129 642 197 724 jura
231 639 344 702 intacta
376 637 570 702 vindicarunt
602 640 691 718 atque
722 632 837 697 illibata
864 633 1045 698 nostratium
1078 635 1249 704 Academiae.

131 755 186 817 llas
217 754 299 816 enim
331 773 394 815 non
417 750 542 814 aliarum
564 750 658 814 instar
684 747 836 813 inferioris
857 746 972 811 ordinis
995 747 1173 814 Scholarum
1205 775 1252 818 esse

131 866 293 931 voluerunt
315 866 448 951 Majores,
473 864 526 928 sed
547 863 638 927 abiis
659 863 761 948 potius
783 861 945 940 omnibus,
966 882 1064 946 quum
1091 863 1159 928 aliis
1182 889 1252 951 prae.

130 982 290 1067 rogativis,
326 972 392 1045 tum
424 981 508 1064 ipsi,
548 981 609 1062 qna
645 976 796 1041 doctrinas
832 976 1004 1052 traderent,
1044 979 1169 1063 propria
1206 979 1251 1045 sib'

130 1097 276 1182 privdque
296 1094 423 1182 lingua,
447 1095 596 1178 sejunctas
618 1115 652 1156 ac
674 1096 853 1178 segregatas,
878 1090 1106 1176 disciplinarum
1144 1095 1254 1160 Univer-

130 1211 254 1293 ae'tutea,
290 1212 353 1274 sive
383 1210 519 1274 civitates
548 1206 692 1271 eruditas.
727 1206 858 1291 ‘Quippe
886 1206 922 1270 ad
951 1226 1026 1290 quas
1057 1230 1122 1272 non
1154 1210 1255 1276 civibus

130 1324 247 1402 solum,
270 1324 396 1389 docendi
425 1324 530 1409 peritis
551 1327 605 1386 ant
624 1320 759 1385 discendi
783 1321 920 1406 cupidis,
949 1321 1002 1385 sed
1035 1323 1151 1386 exteris
1178 1325 1254 1389 etiam

129 1460 224 1524 quum
246 1437 442 1514 Ductoribus,
464 1444 531 1502 tum
552 1435 710 1520 discipulis
732 1435 847 1500 aditum
871 1437 985 1520 aperire
1004 1436 1121 1502 vellent
1141 1460 1175 1502 ac
1195 1439 1256 1503 faci·

130 1553 228 1617 litare.
277 1558 373 1637 Atque
399 1551 477 1628 hoc,
505 1552 586 1635 quod
612 1551 776 1616 condendis
802 1550 985 1634 tuendisque
1013 1555 1167 1618 Musarum
1193 1554 1256 1618 sedi·

128 1665 186 1731 bus
212 1668 308 1731 secuti
331 1671 434 1748 erant,
461 1666 621 1731 consilium
648 1672 711 1731 tam
737 1663 864 1730 feliciter
889 1670 962 1730 sunt
992 1667 1147 1749 assecuti,
1172 1673 1206 1733 ut
1224 1667 1255 1731 ad

130 1782 262 1868 proximi
285 1785 365 1845 certe
391 1780 485 1845 seculi
503 1782 619 1845 exitum
645 1800 760 1864 usqne,
787 1777 907 1844 illarum
930 1781 963 1843 in
992 1779 1210 1846 Professoribus
1228 1803 1255 1846 ar

132 1896 282 1962 Studiosis
302 1896 425 1960 minime
444 1897 504 1960 rari
523 1901 752 1960 numerarentur
774 1894 912 1980 pluribus
939 1895 1070 1960 advenae
1090 1918 1127 1962 ex
1149 1896 1257 1983 populis

130 2012 233 2075 exteri.
283 2010 363 2085 Quos
386 2032 457 2075 vero
480 2008 709 2075 aulaearum
735 2010 786 2076 ria
805 2008 867 2073 illis
888 2031 905 2073 a
927 2009 1062 2073 sacrariis
1076 2013 1172 2075 arceri
1183 2032 1257 2096 pone

130 2130 220 2208 atque
249 2123 351 2209 abigi,
375 2126 513 2207 quamsi
540 2123 701 2189 vernaculo
723 2122 826 2207 aliquo
857 2144 1015 2205 sermone,
1039 2123 1113 2188 solis
1145 2125 1256 2211 cognito

130 2237 265 2319 civibus,
288 2240 335 2304 uti
360 2240 544 2324 inciperent,
568 2261 624 2325 pro
645 2242 701 2312 suia
731 2237 819 2305 facile
843 2236 1062 2322 perspiciebant
1089 2239 1257 2324 prudentii.

132 2351 218 2426 Quod
238 2351 415 2436 proiectosi
441 2351 538 2415 facere
560 2351 784 2428 instituissent,
807 2373 883 2434 nec,
904 2352 1002 2416 medio
1021 2351 1127 2417 seculo
1147 2354 1255 2418 decima

131 2469 257 2543 octavo,
280 2465 488 2529 Hermanni
511 2467 722 2543 Venemae,
743 2465 887 2552 Theologi
906 2445 1255 2550 Franequerani,nomen

129 2576 166 2642 ab
192 2579 265 2662 ipsis
292 2579 381 2642 etiam
411 2580 514 2664 pueris
541 2579 726 2663 Hesperiam
756 2577 937 2643 celebratum
969 2579 1076 2644 lirisset
1107 2580 1171 2664 (t),
1205 2601 1256 2645 nec

131 2690 235 2756 eodem
266 2696 416 2775 exeunte,
452 2693 489 2757 ad
524 2691 713 2769 Pestelii,
744 2694 824 2757 luris
856 2696 1058 2760 Antecmsoris
1087 2695 1253 2775 Leidensis,

131 2804 253 2870 Scholas
279 2828 317 2869 ex
344 2805 429 2871 nulli
456 2828 518 2870 non
550 2809 684 2892 Europae
715 2806 852 2872 cultioris
881 2815 965 2892 parte
987 2809 1162 2892 frequentes
1190 2831 1256 2874 con·
1294 2889 1297 2900 Ι

130 2920 287 2984 fluxissent
298 2919 460 2985 auditores.
489 2921 596 2985 Verum
612 2922 762 3006 graviores
784 2922 874 2986 etiam
894 2920 966 2986 alias
984 2924 1022 2986 iis
1035 2924 1129 2988 fuisse
1148 2945 1257 2990 cauma

129 3037 165 3098 ed
195 3033 403 3119 potissimum,
439 3036 499 3118 qui
534 3034 688 3110 diximus,
720 3036 837 3104 ratione
870 3035 1064 3100 academicam
1103 3037 1256 3104 ordinandi

126 3151 348 3216 institutionem
368 3173 438 3216 mox
460 3150 549 3216 uobis
575 3151 739 3237 apparebit.

172 3267 296 3329 Ineunte
318 3288 397 3330 anno
424 3267 523 3342 rite,
557 3265 729 3331 vehementi
762 3288 861 3332 rerum
892 3268 1087 3333 conversione
1121 3272 1258 3334 concussa

128 3380 245 3456 Patria,
277 3379 313 3444 ad
345 3378 429 3444 nulla
451 3402 513 3444 non
540 3381 684 3445 mutanda
707 3381 851 3465 Majorum
872 3383 1014 3447 instituta
1035 3405 1129 3448 coeco
1151 3385 1257 3452 multos

127 3493 243 3578 impetu
262 3493 438 3578 praecipites
460 3495 556 3559 ruisse
578 3495 729 3562 norimus.
777 3499 818 3560 dc
841 3497 878 3561 de
908 3496 1072 3561 Academiis
1094 3501 1188 3564 etiam
1212 3497 1258 3563 vel

125 3663 274 3670 -..-——.-

129 3794 171 3845 op.
188 3779 253 3830 ticet.
272 3780 359 3843 narra,
379 3783 410 3833 Τ.
423 3785 460 3844 11,
480 3801 504 3850 p.
517 3786 560 3847 43)
577 3801 609 3836 ex
627 3788 739 3851 seposito
756 3793 832 3852 atque
850 3789 971 3853 abrogato
989 3789 1114 3839 sermonis
1133 3790 1202 3841 illins
1214 3803 1259 3839 nau

127 3875 238 3938 insignia
257 3873 422 3928 humanitatis
437 3879 534 3930 cultum
555 3882 711 3931 incrementa
727 3883 823 3947 cepisse
844 3884 996 3932 contendere
1016 3897 1069 3932 non
1091 3883 1260 3932 dubitaverat.

129 3966 178 4018 Cui
197 3967 275 4030 igitur
297 3975 400 4019 strenue
419 3984 555 4021 occurrens
575 3972 769 4032 Biihmerus,
794 3972 935 4032 Ilrasmi,
962 3973 1133 4034 Nederlaudi,
1154 3983 1180 4025 et
1200 3977 1262 4026 Mo·

128 4059 354 4119 lanehthonis,
372 4061 507 4125 Germani,
526 4069 552 4113 et
570 4060 714 4126 Calaini,
734 4062 903 4125 Geneaeusis,
922 4065 1061 4116 honorifice
1077 4068 1184 4118 nomina
1201 4081 1264 4117 uun·

127 4160 217 4217 cupat;
237 4154 330 4219 quippe
350 4155 408 4218 qui,
425 4170 504 4219 quum
524 4157 641 4207 intimam
659 4173 720 4208 cum
739 4158 771 4207 L.
790 4158 821 4207 L.
839 4159 1037 4211 familiaritatem
1058 4161 1265 4220 contraxissent,

126 4246 255 4308 praeclare
271 4247 349 4298 iidem
366 4250 396 4298 de
415 4251 503 4299 noant
523 4250 664 4300 meruerint
684 4250 826 4314 disciplina.

152 4339 201 4399 (t)
220 4337 297 4400 Quod
313 4340 408 4391 tactum
426 4355 481 4392 osse
499 4348 605 4394 testatur
623 4341 651 4393 J.
671 4342 704 4392 Η.
728 4343 921 4408 Veraohuir,
946 4345 1114 4398 Venemae
1134 4347 1163 4398 iu
1179 4345 1269 4412 Eloqio

128 4427 259 4495 (Frenaque.
281 4433 358 4497 1788)
376 4449 400 4498 p.
419 4439 462 4486 ³7.
