2828 4950
432 1397 985 1543 disputacio,

114 1600 116 1602 ’
176 1637 225 1684 on
247 1633 510 1687 onsuncnonuu
532 1639 702 1688 raoxnrrs
724 1639 830 1687 arura
851 1639 1063 1688 ennuaurnn
1085 1639 1243 1690 annoto·

243 1775 367 1824 conum
391 1775 470 1844 vnn
483 1763 686 1825 coruncano
710 1775 778 1824 vnn
801 1764 983 1826 unctuosa
1005 1766 1175 1828 mnnonrt.

629 2029 783 2050 *⁴00*-

141 2279 147 2285 “
187 2224 362 2341 Neminem
386 2271 496 2356 facile,
521 2273 573 2357 qni
596 2279 696 2338 nostra
720 2271 793 2339 haec
815 2273 917 2339 studia
936 2293 1003 2352 suo,
1025 2275 1057 2340 id
1079 2282 1125 2341 est
1143 2277 1273 2343 maximo

140 2387 239 2471 pretio
262 2385 420 2462 aestimet,
453 2385 605 2452 neminem
628 2391 709 2453 certe
737 2387 896 2453 Sacrorum
919 2387 1105 2456 Litterarum
1127 2390 1274 2457 cultorem

139 2501 240 2586 paullo
270 2499 479 2564 humaniorem
511 2500 576 2563 sine
602 2500 684 2564 tristi
714 2500 814 2586 aliquo
844 2500 937 2566 animi
967 2502 1079 2568 affectu
1108 2502 1273 2569 multorum

139 2615 242 2701 magni
265 2613 396 2677 nominis
418 2612 653 2698 Theologorum,
677 2614 823 2700 proximis
845 2614 893 2679 his
916 2615 1004 2680 annis
1025 2636 1064 2681 cx
1085 2617 1149 2682 vita
1171 2638 1274 2702 agres-

139 2751 259 2808 sorum,
290 2728 408 2794 obitum
438 2730 586 2814 accepisse
617 2729 770 2795 existimo.
816 2728 982 2814 Nunquam
1005 2730 1086 2795 enirn
1108 2734 1161 2796 aut
1182 2731 1275 2796 raris·

137 2846 212 2911 sime
234 2845 348 2909 factum
370 2865 435 2908 esse
457 2848 532 2928 puto
555 2849 611 2926 ut,
643 2848 703 2909 tam
726 2842 810 2907 brevi
834 2845 978 2930 temporis
1004 2844 1124 2929 spatio,
1154 2845 1190 2910 in
1211 2847 1277 2913 unt.

137 2959 239 3045 aliqud
268 2957 407 3044 Europae
436 2962 539 3042 parte,
573 2962 620 3021 tot
650 2979 684 3020 ac
713 2963 774 3022 tam
805 2956 946 3042 nobiles,
978 2958 1061 3042 iique
1084 2959 1216 3046 ingeniis
1239 2981 1274 3025 ac

136 3074 247 3140 studiis
269 3078 332 3138 tam
353 3073 485 3156 diversi,
511 3069 660 3156 Theologi
683 3071 744 3134 fato
767 3071 986 3156 fungerentur,
1013 3075 1105 3155 quot,
1126 3074 1273 3159 pacciano

136 3189 188 3256 lca
210 3187 379 3274 semonnia,
403 3185 462 3251 sibi
485 3185 563 3251 vidit
586 3191 704 3270 ereptos
731 3182 915 3253 Germania.
964 3184 1014 3251 De
1036 3189 1073 3252 ea
1094 3191 1157 3254 unt
1179 3191 1273 3268 enim,
1360 3277 1365 3283 1

136 3303 225 3388 cujus
247 3303 359 3388 scripta
380 3302 493 3366 nostris
516 3322 585 3366 cum
608 3299 736 3366 Litteris
758 3300 932 3386 conjuncta,
959 3306 990 3365 et
1014 3301 1087 3367 alibi
1111 3308 1142 3367 et
1160 3305 1193 3388 in
1208 3302 1274 3370 No·

136 3416 304 3493 derlandit,
321 3438 338 3479 a
353 3395 511 3500 permultis
533 3415 595 3500 legi
619 3414 716 3506 solent
744 3419 835 3498 atque
857 3415 891 3478 in
914 3413 1085 3479 studiorum
1107 3434 1180 3480 usus
1203 3437 1273 3480 con·

136 3531 236 3611 verti,
272 3529 472 3615 qualicunque
503 3529 561 3594 hoc
585 3550 710 3616 agemus
738 3528 996 3620 commentariolo.
1046 3527 1185 3595 Militum
1207 3532 1273 3616 qui·

135 3645 203 3709 dem
227 3645 362 3722 animos,
387 3644 524 3729 quamvis
546 3645 661 3709 feroces
682 3665 718 3707 ac
739 3642 827 3708 bellis
850 3644 1005 3725 efferatos,
1030 3638 1194 3727 sodalibus,
1219 3645 1272 3729 qui

136 3758 240 3823 eadem
263 3759 296 3822 in
320 3759 384 3821 acie
407 3757 526 3824 eosdem
549 3757 692 3823 adversus
710 3756 812 3822 hostes
830 3757 1092 3843 depugnaverant,
1114 3757 1273 3842 prostratis

135 3873 310 3955 caesisque,
344 3871 552 3936 vehementius
585 3870 713 3936 subinde
745 3873 926 3937 commoveri
961 3874 1112 3937 novimus.
1171 3873 1272 3939 Nobis

134 3974 253 4072 ig'itur,
278 4007 408 4070 quorum
430 3990 547 4050 mentes
570 3986 692 4050 mitiora
715 4007 750 4051 ac
773 3988 922 4051 sanctiora
944 3987 1045 4058 studia
1068 3988 1104 4051 ad
1127 3990 1269 4072 majorem

134 4098 258 4163 flectere
273 4119 308 4161 ac
321 4118 503 4184 componere
519 4097 675 4163 lenitatem
692 4103 782 4184 atque
798 4098 1013 4164 humanitatem
1031 4121 1083 4185 par
1100 4104 1155 4178 est,
1170 4121 1272 4166 nonne

136 4211 277 4276 dedecori
301 4233 365 4275 esse
388 4234 422 4276 ac
446 4216 534 4296 turpe
557 4213 737 4279 censendum
761 4217 808 4276 est
830 4213 873 4276 ita
890 4213 1048 4276 Sociorum
1068 4211 1218 4289 oblivisci,
1237 4234 1272 4277 ac

140 4326 166 4388 si
190 4324 380 4411 aopomferae
404 4327 571 4392 diberimus
591 4328 700 4412 pocula
723 4326 851 4394 Lethea?
898 4325 977 4391 (lum
1001 4328 1174 4411 praesertim
1199 4327 1271 4405 haec
