2782 4958
176 349 239 413 led
566 362 605 404 na
629 363 727 407 nonna
751 363 915 408 ntruncrrs

177 536 327 611 diximus,
360 530 500 596 notitiam
529 531 729 597 contraxisset
751 551 786 594 ac
808 530 1051 597 familiaritatem.
1101 530 1217 597 Verum
1255 531 1310 598 Tu·

178 649 382 733 diaprasium,
410 645 512 709 omnia
535 643 735 724 turbantium,
762 644 903 711 audatiae
926 667 986 709 non
1010 667 1078 710 raro
1101 647 1222 712 sortiter
1245 669 1311 712 enm

176 763 323 831 restitisse
347 766 436 844 atque
466 760 656 827 adversatum
685 780 768 834 ease,
799 781 860 823 non
884 761 986 827 minus
1008 760 1100 825 tertis
1122 766 1243 826 ooustnt
1264 761 1313 825 do·

177 878 336 945 tumentis.
387 876 492 943 Veluti
521 871 708 958 Apostoliet‘a
737 874 771 937 iu
804 873 909 948 Auia,
940 878 976 939 ut
1004 894 1066 938 uno
1088 873 1148 939 hoo
1170 880 1242 941 utar
1266 897 1313 938 ex·

87 1042 88 1045 ,
153 989 292 1074 amplo,
324 1011 385 1054 nou
409 990 456 1053 aui
480 988 601 1072 quidem
633 985 780 1053 dissimile
809 987 1028 1054 demeustrasit
1048 989 1210 1074 ingenium
1234 1011 1315 1073 step·

176 1107 291 1181 titum,
326 1104 378 1175 sed
402 1103 496 1171 multa
519 1107 640 1179 umen,
674 1099 845 1167 aBauro
875 1100 1002 1184 aliisque
1030 1101 1066 1167 ad
1095 1101 1203 1168 Lucae
1223 1102 1314 1167 iidem

176 1219 348 1285 elevandam
384 1223 496 1295 temere
531 1215 637 1295 allatu,
674 1220 796 1279 strenue
827 1214 997 1298 repudiarit
1030 1215 1204 1300 sepelitque
1236 1240 1315 1282 eom·

178 1340 279 1397 menta
303 1333 365 1417 (1).

168 1615 188 1638 „
223 1560 282 1625 Sed
310 1559 394 1642 justo
418 1557 535 1625 diutius
565 1578 619 1619 nos
641 1557 702 1639 jam
735 1558 917 1642 Interpretis
946 1559 1113 1627 detinuisse
1135 1561 1168 1625 in
1193 1559 1319 1626 Novum

181 1672 408 1743 Testamentum
432 1672 684 1750 Commentarios,
710 1673 835 1737 {bruun
856 1675 925 1757 quis
945 1672 1107 1759 reputabit.
1155 1672 1203 1737 Eo
1221 1675 1336 1759 igitur

181 1793 286 1855 nostra
311 1809 343 1851 se
372 1792 527 1851 convertat
557 1787 704 1860 narratio,
736 1808 796 1871 quo
827 1787 981 1870 paullatim
1013 1789 1174 1855 iuolintsae
1207 1795 1320 1872 atque,

183 1908 320 1973 aubemo
349 1903 497 1987 imprimis
528 1902 607 1964 vitae
635 1907 785 1985 ternpore,
817 1924 849 1966 se
872 1905 1056 1970 convertisse
1078 1904 1144 1989 ejus
1167 1905 1318 1982 animum,

182 2038 246 2083 nou
268 2014 370 2087 dubiis
388 2016 557 2098 aooapimus
580 2014 719 2097 vestigiis
742 2037 776 2078 ao
799 2016 902 2081 laetati
925 2039 1039 2083 sumus.
1082 2018 1146 2084 Diu
1168 2020 1252 2084 enim
1275 2020 1338 2084 in-

182 2131 258 2195 timo
286 2130 435 2216 Theologi
458 2131 490 2193 in
512 2133 633 2213 pectore
664 2129 816 2211 animique
844 2131 938 2195 veluti
962 2133 996 2195 in
1017 2134 1146 2221 α’βϋσσῳ
1171 2134 1212 2218 (si
1234 2134 1334 2198 Oar-

183 2248 277 2313 teeii
304 2247 355 2313 bic
387 2248 430 2312 nti
460 2248 532 2315 lieet
554 2246 720 2327 loeutione)
742 2245 857 2315 Christi
882 2247 1035 2313 veneratio
1057 2247 1244 2332 Christoque
1267 2247 1334 2312 ha-

183 2359 259 2436 bita,
276 2362 413 2445 quamvis
428 2362 530 2429 tenuis
553 2366 642 2444 atque
665 2361 795 2438 infirma,
817 2360 893 2427 rides
912 2360 1011 2447 aliqua
1032 2362 1206 2427 delituerat.
1234 2361 1340 2433 Quae

182 2497 254 2545 veto
277 2498 315 2541 ue
338 2477 428 2543 elaris
449 2499 513 2545 sese
536 2478 676 2560 proderet
698 2499 732 2541 ao
757 2478 960 2543 manifestaret
983 2476 1105 2541 indiciis
1128 2477 1243 2541 mentis
1267 2498 1328 2550 aa,

182 2610 273 2674 quam
288 2589 513 2674 descripsimus,
531 2591 648 2659 indoles
670 2589 809 2658 obstabat
829 2613 864 2657 ao
887 2591 1096 2655 conformatio.
1143 2589 1243 2674 Cujus
1266 2591 1338 2655 du-

184 2702 384 2773 bitationibus
406 2725 519 2769 nouum
541 2705 707 2771 identidem
736 2705 880 2790 pabulum
910 2705 1011 2770 Seouli
1033 2703 1212 2789 praebebat,
1239 2706 1338 2789 quor}

185 2819 431 2905 gravissimorum
453 2840 645 2903 quorumque
663 2819 820 2885 doetrinae
839 2821 972 2904 capitum
989 2819 1217 2885 affirmationem
1241 2820 1338 2884 inter

184 2938 220 2999 et
242 2933 434 3017 negationem
463 2946 642 3019 suspensum
670 2935 732 2999 fere
762 2933 921 3009 haerebat,
955 2935 1156 2997 inconstantia
1179 2955 1216 2998 au
1237 2929 1334 3000 fluo·-

183 3047 290 3114 tuutio.
337 3047 430 3114 Hune
454 3070 525 3120 vero
553 3050 783 3132 Saeptieismum
812 3053 902 3132 atque
924 3047 1002 3113 bana
1023 3050 1258 3128 ὀλιγοπιστίαν
1281 3049 1335 3112 it·

183 3159 323 3235 taudem,
349 3184 409 3228 uon
433 3165 498 3229 sine
520 3164 698 3249 grauissimi
720 3163 852 3247 quddam
873 3163 974 3241 lueth,
1004 3162 1159 3248 superarit
1181 3159 1332 3248 subegit·

184 3295 263 3360 que,
287 3299 364 3361 quae
385 3278 541 3363 paullatim
563 3277 790 3363 praevaluerat,
813 3279 861 3362 pia
886 3276 1020 3341 melioris
1042 3275 1152 3339 menn·
1173 3275 1266 3352 fides,
1289 3283 1331 3341 ut

180 3391 243 3473 jam
268 3413 360 3457 utrum
384 3415 455 3457 suae
475 3368 660 3476 aliorumque
679 3392 788 3457 salutis
806 3397 959 3456 auctorem
982 3390 1188 3454 Christum
1210 3411 1327 3476 agnos·

209 3584 296 3593 —-...-
305 3587 322 3592 .-

221 3703 261 3764 (1)
281 3703 345 3752 Prae
364 3705 469 3752 caeteris
489 3704 529 3752 hio
547 3706 620 3753 docta
640 3705 789 3754 consulatur
808 3704 952 3767 etcopiose
974 3717 1095 3762 censoru,
1120 3703 1171 3766 qut
1193 3704 1224 3752 de
1244 3699 1324 3754 Com·

186 3796 301 3843 montorii
314 3796 340 3842 in
357 3794 419 3844 Acta
433 3795 499 3859 App.
513 3795 593 3845 alteru
606 3796 715 3846 editione
733 3797 821 3845 retulit
835 3796 864 3844 F.
883 3794 916 3843 A.
936 3795 1188 3848 Bornemannus.
1207 3794 1235 3843 in
1251 3791 1322 3844 Neue

185 3878 312 3931 Joaairclre
336 3886 370 3933 A.
396 3885 445 3935 nn.
473 3884 539 3935 Zeia.
567 3888 641 3943 1844,
667 3884 710 3934 ΝΟ.
728 3891 786 3935 306.
810 3889 868 3935 aot.
904 3885 953 3935 Ubi
979 3892 1005 3934 et
1021 3886 1071 3935 alia
1087 3887 1155 3935 lectu
1172 3886 1321 3950 dignissima

186 3976 328 4034 metiuntur,
347 3985 371 4027 ot
389 3978 609 4029 Bornemenni
625 3982 804 4043 perpendenda
821 3988 860 4028 eet
877 3979 998 4028 adversus
1016 3977 1246 4029 De-Wettium
1271 3981 1321 4028 dis·

185 4067 294 4131 putatio:
314 4069 357 4141 qui
375 4069 466 4118 Lucum
488 4073 588 4134 quidem
613 4073 673 4123 libri
690 4081 819 4123 auctorem
837 4074 974 4133 habuerat,
994 4074 1037 4122 sed
1055 4073 1090 4121 ita
1107 4078 1254 4132 auctorem,
1277 4078 1319 4133 ut,

185 4174 200 4208 a
219 4157 306 4224 Capite
322 4163 379 4211 inde
398 4163 475 4212 XVI.
498 4169 537 4222 10,
558 4145 672 4214 Timothei
687 4166 856 4215 narrationem
875 4166 996 4228 aliquam,
1021 4167 1095 4215 nullu
1111 4172 1183 4230 parte
1201 4180 1249 4214 neo
1267 4166 1320 4215 ullo

185 4255 262 4302 verbo
286 4263 423 4314 mutatam,
451 4271 525 4305 suum
549 4258 575 4305 in
596 4258 717 4320 seriptum
741 4258 862 4320 reciperet
885 4267 960 4320 atqua
982 4259 1113 4307 insereret.
1135 4281 1166 4293 -
1184 4258 1228 4307 De
1245 4258 1319 4308 tertit

183 4343 296 4406 ejusdem
323 4347 506 4400 Commentarii
533 4351 643 4400 editione
670 4349 768 4399 utiliter
793 4351 938 4400 conteretur
968 4350 1101 4399 Brunsii
1129 4355 1155 4399 et
1180 4348 1319 4400 Htfuari

177 4436 262 4490 Nauae
280 4440 454 4505 Repertorium,
479 4446 509 4492 ad
529 4459 561 4492 m.
580 4444 701 4492 Februar.
725 4447 797 4492 1849.
816 4440 889 4493 XVI.
910 4449 934 4492 2.
954 4446 999 4492 rot
1019 4457 1073 4504 sqq.
