2782 4958
548 360 589 402 nn
611 359 813 403 nortannsro.
1212 342 1253 404 75

118 521 212 618 plecti
231 535 363 624 possent
385 547 465 597 roae
492 536 525 595 et
546 524 703 614 oratione,
729 548 766 595 ac
788 523 857 595 sine
882 523 1079 621 fatigationis
1106 525 1254 598 molestia

123 643 236 747 eloqui.
288 646 413 745 Rapido
436 672 474 719 ac
493 646 641 720 celeriter
660 648 833 745 pleraque,
856 671 941 745 quae
963 649 1095 746 quidem
1121 649 1255 722 adstric-

129 764 235 846 tiorem
272 799 338 844 non
368 772 578 870 requirebant
610 773 837 861 attentionem,
863 769 1000 868 legendo
1031 773 1253 869 percurrebat.

133 889 189 965 Ubi
204 921 308 994 quae,
333 895 384 967 vel
407 894 437 965 in
459 894 589 992 templis
606 895 655 969 vel
680 895 857 968 domestico
872 893 903 964 in
918 893 1079 967 auditorio
1094 895 1144 966 vel
1161 898 1257 968 Viro-

134 1036 196 1092 rum
215 1019 386 1092 doctorum
406 1019 437 1091 in
456 1019 674 1108 consessibus,
698 1018 856 1091 tradenda
873 1019 1036 1090 instabant
1051 1018 1258 1092 meditatione

132 1143 340 1242 praeparabat
364 1157 465 1242 atque
493 1147 646 1215 accurata
680 1143 969 1230 commentatione,
1002 1168 1042 1215 ne
1079 1142 1259 1216 difficiliore

129 1265 234 1365 aliquo
255 1266 329 1338 nisu
351 1266 452 1338 verba
476 1291 550 1339 eum
578 1267 742 1365 peperisse
764 1281 859 1365 putes
884 1267 1141 1366 locutionesque.
1181 1269 1260 1338 Item

122 1393 282 1487 provisam
313 1390 397 1462 enim
430 1389 523 1461 verba
558 1417 619 1462 aaa
649 1391 751 1462 inuita
780 1389 1004 1487 sequebantur,
1039 1355 1260 1486 ductorisque

124 1513 265 1610 cogitata
291 1515 410 1611 suapte
435 1523 551 1611 sponte
576 1512 709 1584 chartae
732 1511 924 1609 consignare
945 1509 1149 1582 videbantur.
1190 1511 1258 1581 tta-

122 1635 207 1734 pide‚
233 1635 328 1734 quin,
362 1634 491 1734 siquid
522 1661 607 1732 opus
635 1649 721 1722 erat,
756 1635 904 1706 chartam
933 1633 1033 1706 veluti
1071 1633 1260 1732 pervolante

123 1759 259 1848 calamo,
285 1758 459 1831 scribebat.
512 1760 581 1832 Nec
603 1756 744 1830 tardiore
762 1783 875 1856 gressu
894 1757 1075 1844 incedebat,
1092 1783 1152 1831 nec
1166 1756 1260 1829 anxie

123 1881 320 1980 ambigendo
347 1894 447 1981 atque
470 1880 661 1954 haesitando
687 1880 862 1979 quicquam
889 1879 1037 1952 laoiebat.

174 2130 240 2217 Qui
280 2132 326 2203 sic
356 2156 375 2202 a
403 2132 530 2204 Natural
561 2130 770 2203 conformatis
800 2140 939 2201 utuntur
973 2126 1106 2215 animis,
1144 2151 1257 2199 eorum

125 2279 245 2352 magna
276 2279 353 2353 pars
381 2253 520 2327 volatico
549 2254 690 2352 quodam
720 2280 758 2327 ae
790 2253 967 2327 desultoria
994 2253 1110 2324 mentis
1134 2251 1257 2350 impetu

124 2377 225 2450 modo
251 2377 293 2450 ad
318 2377 410 2466 haec,
438 2403 512 2451 mox
536 2377 576 2449 ad
598 2377 659 2451 alia
677 2377 803 2476 agenda
820 2378 891 2474 rapi
908 2401 943 2448 se
961 2376 1140 2474 patiuntur,
1156 2374 1259 2447 multa

124 2499 288 2598 aggressi,
319 2523 422 2597 pauca
448 2498 661 2597 perficientes.
714 2501 836 2574 Verum
864 2504 952 2589 rara,
983 2500 1009 2570 si
1040 2499 1118 2598 quid
1145 2497 1257 2586 video,

124 2621 327 2695 diversarum
356 2621 469 2694 dotum
494 2622 702 2721 copulatione
726 2637 836 2696 noster
858 2623 928 2709 hic,
962 2623 1018 2723 qui
1045 2636 1109 2695 tam
1137 2623 1260 2697 lervido

124 2757 195 2820 erat
228 2769 267 2816 ac
297 2745 478 2833 concitato,
510 2770 608 2843 quam
641 2746 797 2834 diximus,
829 2747 973 2844 ingenio,
1001 2746 1148 2844 Collega,
1175 2746 1260 2819 idem
1364 2805 1367 2810 .

123 2867 247 2940 laboris
272 2868 527 2966 patientissimus
552 2883 638 2956 erat,
663 2881 762 2967 atque
785 2869 817 2941 in
833 2869 947 2942 labore
962 2870 1111 2968 quamvis
1125 2870 1260 2944 molesto

123 2989 320 3090 perferendo
336 2993 624 3065 constantissimus.
653 2994 688 3064 ln
707 3017 804 3092 quem
820 2994 929 3090 igitar,
945 2993 1034 3092 quod
1048 2992 1089 3066 de
1101 2995 1261 3068 Petracha

123 3114 290 3213 proditum
315 3114 470 3212 legimus,
496 3114 592 3213 plane
610 3116 781 3188 convenit:
811 3114 1020 3212 Quodcunque
1041 3115 1173 3206 valebat,
1190 3118 1261 3211 for-

124 3239 197 3309 titer
224 3237 354 3310 volebat.
408 3240 544 3310 lneunte
568 3240 633 3334 jam
661 3250 782 3326 aetate,
818 3241 907 3310 vocis
938 3238 1134 3337 linguaeque
1163 3240 1257 3328 vitia,

125 3386 210 3459 quae
243 3373 432 3459 exoptatam
464 3360 523 3458 ipsi
555 3385 678 3432 sacram
710 3360 751 3433 ad
788 3360 976 3433 cathedram
1008 3360 1130 3433 aditum
1160 3387 1258 3459 prae-

125 3483 257 3556 clusura
278 3483 490 3572 videbantur,
515 3489 580 3582 qua
604 3483 734 3555 tandem
759 3483 914 3556 devicerit
944 3484 1185 3581 perseverantia
1217 3509 1257 3557 ex

127 3607 295 3705 superiore
321 3607 415 3679 nobis
445 3607 589 3679 constitit
614 3608 807 3679 narratione.
855 3611 890 3678 ln
915 3609 1102 3704 juventute,
1122 3607 1149 3678 si
1177 3633 1259 3705 quos

127 3730 209 3803 sorte
239 3730 385 3803 babebat
409 3730 551 3818 Amicos,
576 3730 632 3827 qui
656 3729 795 3802 celerius
822 3729 918 3801 etiam
943 3755 981 3802 ao
1011 3730 1135 3802 minore
1160 3736 1259 3828 opera

129 3878 213 3952 quae
237 3852 433 3924 addiscenda
457 3865 549 3925 erant
575 3866 682 3926 mente
707 3853 1016 3951 complecterentur;
1043 3868 1075 3925 at
1098 3853 1260 3926 neminem

128 3988 231 4065 certe,
257 3975 314 4074 qui
339 3974 379 4047 ad
406 3975 453 4063 id,
482 3973 572 4074 quod
597 3974 758 4074 agendum
788 3989 992 4074 susceperat,
1021 4002 1158 4074 pensum
1185 4003 1261 4076 per·

127 4097 303 4173 texendum
325 4099 575 4173 constantiorem
600 4125 635 4173 se
663 4100 842 4198 praeberet.
895 4102 993 4188 Quod
1022 4102 1107 4174 enim
1131 4103 1202 4199 ejus
1221 4127 1260 4174 ex

127 4222 331 4296 Consobrino
348 4221 489 4322 quodam
506 4223 686 4322 eodemque
707 4223 889 4298 studiorum
911 4225 1009 4314 socio,
1024 4226 1088 4323 jam
1105 4223 1259 4298 defuncto

127 4346 197 4434 illo,
219 4371 270 4418 me
288 4346 401 4420 audire
425 4347 564 4436 memini,
585 4346 775 4446 ubicunque
799 4348 931 4446 gravius
949 4348 1082 4448 aliquod
1098 4373 1182 4446 opus
1198 4346 1260 4420 sibi

124 4469 309 4544 faciendum
336 4496 407 4545 esse
436 4470 641 4546 considerato
663 4470 853 4547 decreverat
879 4472 1028 4563 consilio,
1050 4485 1083 4546 et
1104 4471 1259 4546 continuo
