2782 4958
606 363 767 408 1111111111.
1191 342 1250 404 lor

119 529 289 595 aestlrcticis
311 531 477 595 accuratius
498 532 651 616 perpensis
674 529 853 612 rationibus,
878 550 933 593 nec
954 530 1078 614 ingenio
1098 551 1149 614 per
1171 551 1255 614 prae-

114 645 267 729 judicatas
290 645 396 711 obtuso
420 645 588 730 aequalium
604 646 772 730 opiniones,
789 645 922 728 trepondo
936 664 1150 728 responsurum
1164 642 1255 706 fuisse

118 759 358 825 llnobelium
382 760 519 836 eonfid03
553 780 649 842 neque
673 760 767 844 igitur
791 780 842 835 ea,
868 779 997 841 quorum
1019 757 1082 842 ipse
1104 756 1255 842 praedicat

118 874 368 960 pulcritudinem,
394 880 528 960 poemata
551 875 586 938 ad
610 896 730 938 aeneum
750 874 928 937 Litterarum
948 870 1156 936 Hebraicarum
1178 877 1254 935 aeta-

119 994 180 1052 tem
203 988 408 1052 detrusurum.
458 987 553 1062 Quam
582 989 614 1051 in
639 1009 722 1072 spem
751 1008 803 1070 per
826 1007 860 1049 11
882 967 1072 1070 potissimum
1094 985 1254 1050 inductum

118 1123 165 1166 me
187 1104 298 1177 sentio,
324 1124 411 1186 quae,
432 1102 582 1168 1111111111
601 1100 760 1180 porticula*
779 1101 898 1184 quartat,
924 1100 960 1164 de
983 1100 1126 1164 dictionis
1147 1103 1254 1164 lesaia·

117 1235 173 1278 nae
208 1237 318 1300 genere
347 1237 383 1279 11
414 1215 583 1280 charactere
606 1214 781 1299 disputavit.
830 1203 895 1289 Qua
917 1213 1039 1297 quidem
1061 1215 1093 1277 in
1121 1213 1253 1299 disputa·

116 1327 201 1392 tione
224 1350 286 1392 non
309 1351 402 1415 pauca
423 1327 472 1393 me
494 1329 658 1394 desiderare
682 1327 762 1392 haud
785 1328 925 1392 diffiteor.
952 1330 1158 1391 Verumtamen
1178 1349 1253 1411 quae

116 1466 213 1528 quum
236 1444 303 1508 aliis
324 1445 361 1508 de
384 1443 473 1508 rebus
495 1442 539 1507 ibi
562 1449 676 1518 monet,
701 1448 767 1507 tum
789 1443 937 1527 imprimis
959 1442 995 1506 de
1019 1444 1125 1506 Pollae
1147 1443 1252 1526 inrupi·

115 1560 205 1623 m‘bua
229 1580 263 1622 11
284 1558 561 1637 comparationibus,
587 1562 721 1622 carecta
744 1578 873 1641 vereque
897 1556 934 1620 de
957 1556 995 1619 iis
1016 1578 1085 1620 eum
1105 1557 1254 1640 judicasse

117 1675 345 1750 demonstrant,
378 1678 409 1738 et
440 1672 532 1758 digna
554 1676 626 1736 sunt
655 1692 730 1754 quae
760 1671 870 1734 nostris
892 1670 982 1734 etiam
1004 1668 1167 1734 lectoribus
1189 1692 1254 1755 per·

115 1787 277 1874 pendcnda
299 1787 547 1851 commendemus.
597 1786 661 1859 Quo
685 1784 780 1868 magis
801 1783 966 1868 optandum
988 1783 1085 1848 fuerat
1107 1791 1161 1866 ut,
1187 1786 1253 1870 ipso

115 1903 149 1966 in
173 1901 399 1977 commentario,
425 1902 463 1964 iis
485 1906 564 1964 certe
582 1898 743 1984 Prophetae
766 1897 850 1977 locis,
876 1919 1005 1981 quorum
1027 1897 1193 1984 elegantia,
1218 1905 1254 1963 ut

116 2014 154 2080 ab
178 2015 319 2080 omnibus
342 2016 542 2101 perciperetur
565 2036 599 2078 ac
622 2015 800 2091 sentiretur,
835 2010 1013 2076 aestheticae
1039 2011 1252 2076 admonitionis

117 2131 233 2215 aliquid
262 2129 450 2214 requirebat,
480 2151 497 2192 1
528 2130 672 2192 consueta
703 2125 863 2213 paullisper
885 2126 1067 2189 discessisset
1088 2127 1252 2191 annotandi

117 2248 266 2310 tenuitate
287 2267 321 2308 11
346 2244 518 2329 jejunitate.
568 2243 625 2307 Sed
649 2240 849 2328 negligentiae
873 2241 974 2305 Virum
1001 2242 1135 2305 incusare
1158 2241 1249 2324 nolo,

118 2358 207 2442 cujus
236 2356 374 2421 solertiae
408 2355 546 2440 pluribus
572 2356 746 2421 nominibus
779 2355 962 2421 laudandum
996 2355 1078 2420 hunc
1110 2355 1252 2421 debemus

117 2471 378 2536 commentarium.
437 2470 512 2534 Nolo
541 2470 590 2535 vel
620 2471 656 2534 de
684 2469 850 2555 Bibliopolt
880 2471 1042 2552 conqueri,
1073 2470 1126 2554 qui
1160 2471 1251 2535 nimis

115 2587 275 2672 imperiose
298 2585 464 2650 Enehiridii
486 2585 610 2650 forsitan
633 2583 811 2650 Auctoribus
835 2584 990 2649 brevitatis
1007 2584 1104 2672 legem
1125 2605 1252 2670 sequen·

115 2704 184 2768 dam
207 2703 401 2787 imposuerit,
435 2700 482 2764 vel
514 2699 551 2762 de
575 2697 673 2762 decuti
695 2698 796 2781 potius
818 2698 1029 2780 perversitate;
1063 2700 1164 2782 quod,
1190 2721 1250 2783 quc

114 2817 261 2882 libentius
282 2817 376 2902 spinis
398 2837 432 2880 11
454 2812 607 2899 uepribus,
632 2810 680 2876 vel
702 2811 890 2898 theologicis,
915 2811 962 2875 vel
983 2809 1181 2898 philosophis,
1202 2813 1251 2879 vel

113 2930 316 3018 grammaticis
339 2929 424 3011 adeo,
449 2927 597 3013 implicari
619 2948 649 2990 11
671 2927 797 3011 patitur,
833 2948 868 2990 eo
897 2928 992 3011 magis
1021 2926 1057 2991 ab
1084 2927 1250 3014 elegantiae

113 3046 249 3130 poeticae
272 3049 427 3109 venustate
449 3045 482 3107 in
504 3045 592 3108 Sacro
612 3041 719 3107 Codice
738 3040 927 3125 percipienda
950 3046 1039 3124 atque
1068 3043 1249 3109 aestimanda

114 3160 274 3226 abhorrere
295 3159 425 3225 videtur.

158 3529 266 3591 Verum
291 3529 362 3591 satis
384 3549 531 3613 superque
554 3529 591 3592 de
615 3529 654 3591 iis
671 3527 776 3591 dixisse
791 3525 940 3599 ridemur,
958 3524 1024 3607 qui,
1042 3522 1245 3586 sicutillno·

112 3639 263 3720 belius,
299 3640 331 3704 iu
364 3642 561 3724 grammatici
587 3641 763 3705 declaranda
794 3636 984 3723 singulorum
1017 3637 1176 3702 verborum
1210 3658 1244 3700 11

111 3754 303 3819 locutionum
332 3761 478 3840 potestate
508 3757 565 3820 toti
596 3760 668 3818 sunt
690 3776 724 3817 ac
756 3752 933 3838 plerumque
966 3752 1172 3835 acquiescunt.
1221 3752 1245 3815 A

112 3891 243 3952 quorum
274 3871 434 3951 instituto,
471 3869 580 3956 ligatae
612 3869 755 3933 orationis
785 3870 817 3932 in
848 3869 967 3952 scriptis
989 3866 1041 3931 ubi
1065 3873 1242 3943 versantur,

111 3983 238 4045 minime
264 3980 390 4047 alienam
412 4005 474 4048 esse
499 3984 711 4069 elegantiorem
736 3985 772 4048 de
796 3985 916 4069 poetica
938 3983 1059 4047 illorum
1081 3983 1182 4048 indole
1210 4004 1244 4047 ac

111 4094 236 4160 dotibus
258 4096 497 4180 disquisitionem
520 4097 607 4162 uobis
629 4099 776 4183 apparuit.
826 4097 885 4161 Sed
903 4096 941 4160 ad
963 4118 1013 4160 eos
1036 4099 1125 4161 etiam
1144 4098 1243 4182 ipsos,

110 4207 214 4292 quales
236 4210 326 4275 hodie
348 4211 438 4277 multi
461 4219 545 4288 sunt,
560 4212 618 4276 hoc
640 4213 772 4297 pertinet
794 4212 926 4275 officium
949 4212 1032 4274 Viros
1047 4212 1162 4292 doctos,
1175 4212 1243 4295 qui·

110 4321 167 4387 bus
189 4325 352 4409 1111119111
370 4348 441 4411 prae
464 4329 587 4392 caeteris
610 4347 696 4390 curae
728 4326 871 4409 cordique
900 4330 946 4389 est
968 4327 1123 4390 Sacrorum
1149 4327 1242 4391 Litte-

109 4457 209 4502 rarum
231 4437 449 4524 interpretatic.
499 4443 579 4517 Quae
602 4442 704 4506 eadem
727 4443 799 4506 itcm
816 4440 903 4521 piae,
922 4439 969 4507 vel
975 4441 1082 4526 fidelis
1093 4441 1241 4525 imprimis
