2782 4958
132 341 170 404 17
176 343 196 403 4
616 358 776 400 nicanorus

127 528 282 613 losopbid‚
317 529 361 591 sic
392 548 511 612 qnoque
541 527 578 590 dc
608 528 743 591 omnium
776 526 954 591 difficillima
982 527 1048 610 ejus
1078 530 1189 612 parte,
1214 532 1305 596 cni

128 642 274 708 Naturae
298 640 434 708 Divinae
456 640 672 725 qualiscunque
695 642 846 726 proposita
868 646 915 704 est
937 641 1089 726 cognitio,
1117 632 1305 724 quantun]

128 756 275 822 Veterum
297 757 468 842 ignorantia
490 754 696 840 permittebat,
721 757 833 839 optime
856 755 997 819 meritum
1020 776 1085 818 esse
1110 757 1304 841 Arpina-

128 876 214 948 tem,
247 893 336 936 nemo
364 871 453 935 facile
482 871 649 955 negaverit.
699 870 799 963 Multa
828 871 929 949 enim,
958 892 1035 954 quac
1065 869 1128 934 huc
1151 871 1283 936 refere-

128 985 258 1066 bantur,
292 987 466 1069 Sapientum
495 985 543 1050 vel
565 987 652 1049 effata
675 985 722 1048 vel
746 984 915 1068 disputata,
946 985 1005 1046 nisi
1029 1005 1136 1049 eorum
1160 986 1277 1068 cogni·

128 1102 243 1165 tionem
267 1122 375 1184 magno
398 1099 470 1164 huic
493 1098 668 1163 deberemus
691 1099 786 1175 Viro,
819 1104 872 1162 ant
894 1098 1016 1162 omnino
1037 1099 1262 1182 ignoraremus,

128 1221 181 1280 ant
204 1221 284 1290 certe
307 1215 408 1278 minus
430 1212 517 1296 plene
544 1218 698 1297 perspecta
724 1212 945 1277 habuissemus.
991 1211 1055 1276 Ubi
1077 1217 1198 1293 tamen,
1228 1235 1261 1278 ne

127 1328 211 1392 illius
241 1327 400 1392 abutamur
430 1329 625 1406 auctoritate,
654 1330 754 1393 minus
785 1334 866 1392 certa
897 1333 987 1412 atque
1015 1327 1172 1412 explorata
1201 1351 1257 1394 ease

128 1443 293 1508 tenendum
316 1448 378 1519 est,
404 1463 480 1527 quae
502 1443 639 1507 dicentes
660 1444 804 1508 informat
825 1443 912 1522 alios,
936 1463 1025 1525 qnam
1048 1462 1128 1525 quaa
1150 1464 1190 1506 ex
1208 1446 1258 1508 sur

128 1557 192 1640 ipse
214 1556 308 1620 tradit
337 1558 475 1640 persond.
522 1556 581 1620 Sed
604 1556 720 1620 Divina
744 1557 780 1619 de
804 1557 924 1621 Naturd
946 1555 1019 1639 qnid
1042 1556 1107 1639 ipse
1135 1557 1258 1620 sanserit

128 1671 307 1747 Tullius,
340 1693 448 1755 anceps
478 1677 523 1734 eat
546 1693 581 1734 ac
603 1671 767 1737 multorum
794 1651 998 1756 disputatione
1020 1674 1052 1734 et
1073 1670 1259 1736 dissensione

64 1850 66 1854 .
128 1783 287 1851 nobilitata
309 1785 454 1870 quaestio.
501 1785 610 1869 Neque
634 1786 715 1849 enirn
740 1786 860 1869 paucis,
890 1783 944 1849 ubi
967 1783 1025 1848 hoe
1046 1791 1259 1870 argumentum

129 1898 318 1985 attingebat,
349 1899 396 1963 vel
424 1899 617 1983 epistolarum
652 1898 698 1963 vel
729 1900 900 1964 orationum
931 1899 1080 1983 imprimis
1109 1899 1206 1981 locis,
1229 1901 1261 1965 id

128 2015 230 2098 potius
253 2016 401 2098 spectasse
425 2014 562 2093 videtur,
593 2018 629 2078 ut
652 2032 793 2091 caussae,
817 2035 907 2098 qnam
929 2035 1011 2078 nunc
1031 2014 1111 2080 forte
1133 2013 1261 2099 agebat,

127 2130 272 2208 serviret,
298 2150 387 2211 quam
411 2134 446 2194 ut
468 2133 568 2213 aperte
591 2128 664 2212 quid
686 2131 814 2195 sentiret
835 2131 900 2213 ipsc
926 2129 1130 2213 profiteretur.

38 2224 43 2234 ⁸
173 2243 231 2307 Sed
254 2265 353 2307 nonne
376 2243 537 2326 quaerendi
560 2243 652 2306 finem
673 2245 789 2308 faciunt
811 2250 873 2306 tres
895 2243 952 2322 illi,
978 2264 1054 2327 qnos
1075 2246 1114 2308 de
1131 2243 1262 2309 Natura

128 2355 267 2422 Deorum
297 2358 410 2441 scripto
439 2357 607 2432 mandavit,
641 2356 727 2422 Libri
750 2356 970 2442 pulcherrimi?
998 2358 1146 2422 Fecerant
1169 2378 1259 2434 sane3

128 2473 186 2536 nisi
216 2473 348 2537 incertos
375 2494 431 2535 nor
462 2472 598 2536 redderet
627 2493 662 2535 ao
690 2493 849 2557 suspensos
876 2473 975 2556 operis
1005 2473 1090 2538 ratio¹
1111 2478 1144 2536 et
1166 2474 1261 2539 infor·

128 2587 231 2649 matio.
281 2584 380 2655 Quam
407 2586 527 2668 copiose
555 2586 636 2648 euim
659 2607 694 2649 ac
716 2607 806 2669 qnam
835 2586 1005 2651 luculenter
1027 2591 1058 2650 ct
1089 2586 1261 2672 Epicuri

129 2703 160 2760 et
182 2699 400 2761 Stoicorum
425 2704 456 2760 et
474 2699 807 2762 Academicorum
831 2701 924 2763 arduo
948 2699 1004 2763 hoc
1024 2699 1060 2762 de
1080 2707 1261 2784 argumento

129 2812 292 2874 sententias
316 2832 332 2873 a
355 2811 543 2895 singularum
572 2812 731 2897 deinceps,
763 2835 836 2897 quas
859 2813 923 2877 dixi
934 2805 946 2888 ,’
968 2813 1145 2877 Scholarum
1171 2816 1260 2880 disci·

128 2925 209 3012 pulis
238 2924 426 3009 exponendas
457 2905 554 2999 curat3
587 2933 646 2990 tam
678 2928 812 2991 modeste
834 2949 869 2991 ac
891 2933 951 2992 tam
976 2933 1078 3003 eante,
1109 2932 1168 2993 sna
1189 2951 1261 2994 nne·

127 3061 216 3123 quam
239 3039 301 3103 fers
324 3040 502 3124 interposita
525 3063 613 3118 voce,
638 3041 803 3105 lectoribus
823 3042 974 3126 integram
1003 3042 1077 3106 facit
1108 3043 1260 3127 disputata

123 3154 280 3238 judicandi
302 3153 485 3218 facultatem.

166 3268 237 3352 Ipsa
270 3267 392 3352 quidem
421 3270 522 3353 operis
552 3268 684 3334 clausula
706 3270 733 3332 si
755 3290 845 3353 quam
867 3269 947 3334 forte
968 3269 1136 3355 quaestioni
1160 3270 1260 3334 lucem

127 3384 252 3461 afferat;
288 3389 335 3447 est
365 3382 438 3447 baec
460 3385 561 3448 tennis
584 3407 654 3448 sane
676 3389 766 3468 atque
789 3385 941 3470 ambigua.
992 3383 1102 3450 „Haec
1124 3408 1259 3450 com-ee·

77 3490 80 3497 ’
125 3499 343 3578 sectatore?
375 3500 418 3563 sie
441 3500 504 3582 ipse
534 3499 679 3563 Cicero
708 3499 776 3584 (l),
803 3501 868 3563 »ita
890 3500 1090 3576 discessimus,
1114 3510 1146 3562 at
1171 3499 1258 3563 Vel·

126 3613 222 3698 lejo'’
254 3615 315 3697 (cui
347 3612 510 3697 Epicuri
540 3613 719 3677 senteutiam
751 3613 954 3699 exponendam
985 3602 1123 3696 dederat)
1155 3614 1258 3679 »coe

126 3728 205 3791 tac”
229 3728 307 3814 (qui,
326 3727 419 3791 multe
442 3727 533 3790 sociis
549 3726 711 3811 objiciens,
735 3727 1007 3793 Academicum
1031 3727 1145 3813 egerat)
1173 3728 1259 3792 rdia-

123 3843 246 3924 putate'o
265 3842 372 3917 aerior,
385 3840 462 3904 milri
476 3838 544 3904 Bal
555 3838 607 3902 bi”
621 3839 685 3923 (qui
707 3822 924 3906 Stoiodrum
944 3846 1161 3925 pertestuitue
1178 3842 1259 3924 erat)

126 3955 192 4018 »ad
214 3956 347 4018 veritatis
375 3955 603 4018 similitudinem
632 3956 786 4018 uideretur
810 3979 869 4019 esse
893 3959 1110 4040 propcrrsior.’'
1141 3993 1184 4004 -
1206 3957 1256 4020 >En

125 4067 221 4152 ipsius
244 4067 358 4130 dietum
390 4066 539 4140 Tullii,
572 4087 631 4149 quo
654 4071 764 4134 tertius
794 4071 880 4155 isque
909 4070 1034 4134 ultimus
1065 4071 1258 4134 concluditur

126 4181 223 4264 operis
245 4178 350 4244 Liber.
388 4178 449 4242 Hlo
472 4180 570 4264 igitur
593 4201 692 4244 nonne
716 4183 920 4247 admirabilem
940 4183 1034 4259 illam,
1056 4207 1146 4268 quam
1162 4183 1258 4250 Libro

121 4320 287 4332 -ι--σ-

161 4419 197 4481 (l)
217 4419 257 4469 De
274 4419 337 4469 Not.
359 4420 471 4477 Deorum,
491 4420 526 4474 L.
543 4421 592 4470 ΙΙΙ.
612 4419 642 4470 C.
661 4428 700 4471 40.
