2782 4958
515 362 555 404 uu
578 359 774 405 aoxianusro.
1171 347 1212 410 65

106 523 280 597 rocstabilis
308 525 429 598 Christi
442 519 603 598 Ecclesiae
629 527 726 600 luerit
753 527 806 600 ille
830 513 1115 619 lactorensem
1137 557 1213 604 ora-

105 649 160 720 ›rie
183 674 271 735 sane,
292 648 350 721 sed
376 653 487 721 nostra
511 675 644 748 quoque
670 676 730 747 pro
755 650 838 723 virili
866 637 958 749 parte
983 638 1134 743 historice,
1156 654 1211 728 de·

105 785 338 844 ionstraremus.
392 773 523 859 Quibus
546 773 645 870 igitur
670 786 822 846 accurate
849 776 1035 873 perpensis,
1063 776 1209 876 quidde

105 891 162 966 lius
185 895 215 966 in
243 896 486 992 gravissimam,
507 922 592 996 quae
612 899 640 969 ei
661 898 729 968 uita
753 912 841 982 erat,
866 897 1066 997 disciplinam
1087 900 1209 972 meritis

108 1017 282 1089 atuendum
314 1019 374 1107 sit,
406 1021 579 1107 Vestrum,
608 1019 780 1092 Lectores!
811 1033 881 1093 esto
912 1003 1082 1118 judicium
1129 1006 1209 1121 'Ego

105 1153 181 1230 erte,
201 1166 285 1239 quae
310 1141 375 1214 late
400 1156 532 1239 patente
548 1141 649 1214 hocce
675 1142 707 1214 iu
734 1167 850 1240 campo
876 1130 1096 1242 inquisiverit,
1121 1144 1208 1218 inve·

105 1261 167 1350 erit,
185 1263 381 1361 exposuerit,
402 1258 626 1353 illustraverit,¹
641 1288 707 1363 quo
726 1265 853 1362 plenius
871 1266 949 1338 mihi
963 1280 1208 1364 repraesentare

105 1408 189 1474 inor,
217 1411 255 1459 eo
287 1389 442 1485 majorem
472 1383 562 1461 illius
591 1388 623 1459 in
649 1387 893 1461 admirationem
921 1378 972 1462 me
1007 1391 1076 1488 rapi
1103 1393 1206 1464 sentio

105 1507 302 1607 :profiteou

126 1633 227 1718 Quam
254 1635 362 1733 ampla
387 1661 465 1708 vero
490 1636 618 1709 dicendi
641 1635 736 1707 nobis
759 1649 980 1710 succresceret
1006 1639 1155 1725 materia,
1180 1639 1207 1710 si

105 1756 213 1844 uaeiin
237 1757 307 1829 aliis
331 1758 520 1857 disciplinae
546 1754 657 1831 sacrae
682 1759 843 1856 partibus,
859 1759 909 1831 vel
935 1758 1082 1834 docendo
1108 1788 1206 1860 prae-

105 1875 157 1949 itit
187 1879 237 1952 vel
270 1880 390 1978 scripta
417 1881 542 1954 edendo
569 1880 715 1954 similiter
743 1883 894 1980 persequi
921 1873 1078 1956 vellemus
1107 1869 1207 1984 atque

105 2001 197 2091 mnia,
220 2002 341 2100 quibus
362 2002 619 2077 Christianorum
634 2001 838 2077 'Societatem
861 2003 923 2075 sibi
944 2003 1136 2094 obstrinxit,
1154 1993 1208 2077 os·

107 2122 148 2195 cio
172 2130 358 2199 recensere!
385 2128 435 2200 De
462 2125 606 2199 Oratoris
629 2130 715 2199 sacri
739 2127 823 2200 enim
851 2126 1003 2200 laudibus
1029 2154 1070 2201 ue
1095 2129 1204 2202 denuo

105 2243 197 2336 icum;
213 2291 255 2303 -
275 2275 372 2348 quam
387 2263 574 2323 constanter
590 2253 621 2322 in
638 2251 777 2322 Historia
792 2251 1010 2324 ecclesiastica
1030 2277 1068 2324 ac
1082 2251 1207 2324 difficil-

105 2370 157 2443 iuis
172 2373 364 2473 ¹quibusque
386 2374 471 2447 illius
493 2375 641 2472 partibus
664 2369 863 2473 exponendis
881 2387 1030 2448 versatus
1052 2364 1119 2462 est3
1139 2387 1205 2447 tam

105 2493 266 2570 udelessam
292 2498 468 2570 in'Etlsices
485 2496 684 2570 Christianae
704 2497 906 2571 institutione
929 2487 1113 2571 academica
1134 2486 1205 2571 col-

105 2620 192 2692 uca'rit
218 2620 419 2694 industriam.
462 2624 610 2694 Fuerunt
635 2621 766 2720 quidem
785 2621 925 2694 subinde
947 2621 1108 2712 Studiosi,
1130 2623 1203 2722 qui,

105 2743 280 2824 ‚rarissimae
303 2743 577 2843 discipliuue'vim
600 2739 699 2845 atquc
719 2739 884 2817 *ambitum
911 2771 975 2818 uon
1002 2736 1080 2817 satis
1102 2747 1206 2844 perci·

105 2859 205 2955 leutos,
220 2879 319 2965 atque
336 2867 418 2939 bueo
439 2867 569 2965 quidem
593 2880 709 2964 sponte
722 2870 782 2939 sud
806 2868 884 2939 satis
905 2893 940 2939 se
966 2869 1049 2942 scire
1070 2868 1203 2966 opinati,

105 3006 139 3055 rou
170 2988 392 3062 tam'assidue
421 2990 452 3061 iu
487 2988 563 3078 has,
595 2987 693 3089 quam
727 2989 758 3060 in
785 2989 956 3062 historicas
979 2985 1205 3089 Praeceptoris

105 3105 205 3183 chalus
224 3112 429 3185 ventilarent.
459 3114 529 3186 Nea
551 3112 726 3186 doluerunt
744 3111 811 3200 alii,
830 3113 952 3210 quibus
972 3113 1013 3185 ad
1025 3104 1116 3185 'hauc
1134 3102 1206 3212 qui·

105 3252 145 3303 em
162 3234 384 3332 explicandam
404 3236 582 3310 doctrinam
596 3237 707 3310 'minus
728 3233 897 3309 commoda
921 3226 1087 3311 videretur
1105 3250 1205 3337 alque

105 3371 254 3452 pportuna
272 3359 530 3447 Heusdiana,'
551 3385 649 3459 quam
664 3358 867 3459 sequebatur
879 3360 1024 3448 Amicus,
1040 3348 1205 3456 cogitandi

105 3477 153 3550 uio
178 3504 216 3552 uc
243 3480 432 3557 disserendi.
483 3485 606 3557 Verum
637 3480 702 3555 nou
736 3488 762 3555 is
793 3497 862 3555 erat
888 3483 1202 3581 RoyaurdsiuS‚

105 3623 167 3674 uem
185 3629 204 3676 a
221 3630 282 3676 suo
300 3606 425 3678 naviter
444 3608 670 3706 persequendo
689 3606 817 3679 tramite
833 3606 885 3678 vel
905 3606 1034 3678 illorum
1054 3604 1205 3677 socordia

105 3730 244 3799 erocuret
264 3728 315 3800 vel
334 3728 452 3802 borum
476 3729 642 3802 dissensio.
678 3730 776 3816 Quod
794 3721 957 3829 reliquum
981 3741 1040 3814 est,
1060 3717 1205 3824 practieel

105 3848 195 3938 otius,
222 3875 319 3948 quam
343 3852 532 3950 pbilosoplel
556 3854 607 3926 via
639 3879 676 3926 ac
703 3853 828 3926 ratione
854 3851 908 3924 hlc
934 3877 1009 3924 eum
1038 3839 1203 3923 versatum

105 3996 158 4062 sse,
187 3985 300 4047 testem
334 3975 495 4049 babemus
522 3976 837 4049 Schulteuium.
889 3975 1001 4074 Atque
1026 3974 1108 4046 baec
1135 3973 1206 4071 ipsa

105 4093 236 4168 sutrinae
254 4098 438 4172 informatio
456 4100 495 4172 ad
514 4099 734 4172 emendandos
750 4096 947 4170 Auditorum
968 4096 1093 4169 animos
1106 4120 1204 4194 quam
1305 4199 1307 4203 Ι

105 4238 156 4288 ene
181 4235 368 4317 comparata
394 4221 502 4308 luerit,
523 4222 606 4295 illius
628 4221 805 4295 assentiens
825 4219 1016 4307 testimonio,
1040 4245 1098 4291 nos
1123 4218 1204 4291 edo-

105 4351 126 4411 st
150 4341 418 4416 Oosterzeus
438 4342 499 4440 (l).
551 4346 700 4429 Quorum
725 4368 799 4416 cum
824 4341 979 4414 relatione
999 4339 1203 4413 Duumviro-

105 4445 258 4460 —u——aed

107 4489 154 4563 (t)
173 4489 223 4546 Ille
243 4493 301 4547 vid.
323 4511 352 4564 p.
374 4498 419 4563 bb,
441 4493 481 4546 tte
500 4511 529 4564 p.
554 4497 618 4549 182.

1059 4589 1079 4651 5
