2782 4958
625 365 789 410 cassurus.
1209 351 1271 412 1331

129 539 243 598 utrum
279 535 464 601 Joa'eutmum
497 534 547 597 hle
581 534 729 598 dicentem
763 533 946 609 informans,
977 534 1204 618 Pseudojceotca
1228 535 1277 599 vel

132 649 248 713 Jotum
272 650 320 713 vel
342 649 512 734 Pontificem
535 649 620 711 Mna
647 649 705 712 sibi
735 647 940 712 obversantem
971 646 1115 712 habuerit.
1165 650 1275 712 Rerum

134 769 220 826 certe
243 763 317 828 alibi
340 769 524 827 narratarum
544 763 712 826 similitudo
733 763 825 847 digna
843 761 917 825 mibi
941 783 1016 844 quae
1036 769 1189 827 notaretur
1212 764 1275 828 visa

136 883 198 941 est.
245 880 346 953 Quum
365 879 538 962 praesertim
561 877 710 959 ejusmodi
730 875 869 939 historiae
892 897 989 938 sacrae
1012 882 1042 938 et
1065 876 1274 942 institutorum

136 991 187 1055 vel
210 993 343 1056 imitatio
358 990 405 1055 vel
428 991 619 1075 amplificatio
642 989 725 1054 illius
749 990 785 1055 ab
808 990 931 1074 ingenio
947 989 1069 1052 minime
1092 989 1275 1055 abhorreret.

138 1105 226 1180 Quod
250 1105 442 1184 postmodum
465 1104 552 1169 nobis
574 1104 739 1189 apparebit.

183 1443 220 1505 Et
236 1445 358 1525 propter
373 1439 536 1504 lectionum
549 1439 776 1523 discrepantiam
792 1445 822 1504 et
837 1448 958 1524 propter
970 1441 1161 1504 incertiorem
1178 1443 1271 1523 vocis,

137 1574 214 1634 quae
238 1550 283 1614 ibi
306 1553 417 1636 scripta
439 1559 558 1632 exstat.
571 1557 748 1635 potestatem
772 1552 856 1618 valde
884 1553 1084 1618 memorabilis
1108 1560 1153 1619 est
1175 1555 1272 1637 loeus,

138 1667 191 1748 qui
215 1667 248 1729 in
272 1664 375 1728 eodem
399 1688 470 1729 mox
494 1667 630 1749 sequitur
654 1669 759 1746 Capite
774 1670 883 1747 primo.
926 1672 1028 1754 hlagna
1052 1669 1213 1753 aliquando
1226 1672 1272 1734 le·

137 1778 233 1842 hovae
263 1781 295 1842 in
326 1779 470 1845 honorem
501 1778 634 1844 solennia
665 1779 854 1846 eelebrhruut
887 1781 1043 1846 israelitae.
1090 1781 1146 1848 Ubi
1177 1805 1273 1867 quum

138 1899 206 1956 aute
222 1892 298 1958 alios
320 1917 400 1959 saera
415 1896 510 1959 faeere
532 1895 667 1960 instituit
688 1894 869 1972 toaehimus,
888 1897 939 1979 qui
961 1894 1033 1959 olim
1049 1894 1192 1960 benevole
1207 1900 1273 1980 ejus

137 2007 243 2091 pietati
265 2009 389 2073 concedi
411 2008 516 2074 solitus
538 2013 612 2080 erat,
631 2028 713 2072 nune
737 2010 777 2080 ei,
799 2010 907 2095 quippe
929 2012 1045 2074 uellam
1068 2011 1191 2074 tabenti
1201 2032 1272 2089 υνυ-

138 2125 208 2198 lem,
227 2121 392 2208 denegatur
416 2123 510 2187 honos
533 2143 566 2186 ac
581 2123 737 2206 primatus.
771 2123 858 2198 Quod
875 2121 959 2187 valde
983 2123 1066 2187 dolet
1087 2121 1149 2187 ille.
1184 2125 1270 2189 Nune

136 2240 239 2298 autem
253 2235 297 2300 sic
316 2237 424 2322 pergit,
448 2236 623 2301 Fabricii
647 2259 684 2301 ex
704 2239 887 2317 recensione,
913 2239 1062 2303 narratio:
1089 2245 1157 2305 Kal
1177 2241 1269 2306 άπίει

137 2357 182 2426 εἷς
204 2355 241 2416 τὸ
261 2349 490 2433 δωδεκάφυλον
512 2359 568 2417 τοῦ
589 2350 686 2427 λαοῦ,
712 2352 815 2434 λέγων
842 2356 876 2419 ἐν
897 2358 1020 2437 ἑαυτῷ,
1039 2357 1067 2418 εἰ
1089 2354 1151 2432 ἐγὼ
1170 2358 1268 2435 μόνος

135 2468 194 2532 οὐκ
221 2469 357 2550 ἐποίησα
381 2465 506 2549 σπέρμα
531 2469 566 2531 ἐυ
590 2472 635 2550 τῷ
661 2463 805 2551 Ἰσραήλ.
853 2468 948 2548 Atque
974 2465 1055 2528 idem
1077 2464 1164 2549 plane
1187 2465 1268 2527 Bir-

133 2576 268 2653 ehius;
294 2577 352 2640 nisi
375 2578 472 2660 quod,
497 2578 584 2661 signo
607 2577 815 2664 interrogandi
831 2579 863 2642 in
879 2579 940 2643 fine
962 2579 1110 2663 apposito,
1131 2578 1205 2642 dieti
1220 2577 1267 2641 in·

133 2692 332 2778 telligentiam
356 2692 576 2775 quodammodo
599 2692 730 2776 adjuvat.

179 2805 335 2890 Copiosius
357 2827 427 2870 vero
450 2806 492 2868 itu
515 2804 653 2869 Thilo:
688 2812 756 2873 Καὶ
778 2809 868 2874 duta
894 2814 938 2883 alc
958 2813 1014 2875 τὸν
1041 2804 1130 2875 οἷκον
1152 2813 1269 2882 αὑτοῦ.

131 2925 189 2987 καὶ
212 2921 323 2989 ἐλθὼν
348 2926 392 2998 εἷς
415 2926 452 2988 τὸ
475 2919 706 3004 δωδεκάφυλον
727 2930 783 2988 τοῦ
808 2922 899 3001 λαοῦ,
925 2921 1024 3002 λέγει·
1060 2923 1211 3010 ’Ὸφομαι
1239 2929 1267 2990 εἶ

130 3037 197 3117 ἐγὼ
219 3041 316 3118 μόνος
335 3062 361 3100 κ.
383 3063 413 3102 τ.
443 3036 476 3101 λ.

176 3148 293 3224 Quibus
315 3148 387 3211 haec
409 3146 565 3213 substituit
588 3148 738 3212 Tiseh.:
769 3154 836 3216 Kal
858 3153 948 3216 άπιει
973 3156 1016 3226 εἷς
1038 3157 1097 3232 τὴν
1123 3152 1264 3218 δωδεκά-

129 3265 309 3350 φυλον-τοῦ
330 3264 409 3331 λαοῦ
428 3265 530 3344 λέγων
549 3268 710 3350 Θεάοομυι
729 3270 787 3347 τὴν
808 3263 1036 3346 δωδεκάφυλον
1058 3271 1113 3330 τοῦ
1132 3265 1262 3349 Ἰσραήλ

128 3385 158 3446 εἷ
178 3382 242 3459 ἐγὼ
263 3384 360 3463 μόνος
382 3406 409 3443 κ.
435 3406 463 3445 τ.
489 3378 520 3444 λ.
541 3378 552 3461 (
579 3379 600 3462 ).

172 3609 275 3674 Veram
298 3608 389 3692 hujus
410 3608 470 3673 loci
493 3608 652 3673 lectionem
675 3607 886 3691 quaerentibus
907 3609 1038 3694 primum
1062 3606 1149 3670 nobis
1171 3629 1258 3672 seru·

123 3723 234 3807 pulum
267 3723 368 3806 injicit
406 3724 505 3788 Codex
536 3725 567 3787 V
564 3731 664 3787 ουολυο
695 3723 872 3786 Marcianus
899 3727 942 3798 Α,
973 3723 1058 3806 eujus
1086 3727 1194 3804 quanta
1220 3723 1260 3785 sit

123 3838 306 3919 praestantia
324 3859 362 3900 ex
383 3856 473 3922 supra
495 3839 583 3903 dietis
603 3838 747 3922 apparuit.
784 3837 836 3900 Hie
860 3838 940 3899 enirn
968 3843 997 3900 et
1016 3838 1151 3921 proxime
1176 3858 1257 3920 prae·

122 3972 226 4035 gressa
248 3953 378 4016 omittit:
407 3959 462 4018 καὶ
488 3953 635 4037 ἐλυπήθη
653 3951 805 4034 Ἰωοικεὶμ
830 3953 966 4040 σφόδρα,
985 3958 1015 4015 et
1040 3957 1149 4027 totum,
1168 3973 1257 4033 quem

123 4067 216 4130 niodo
239 4072 335 4146 antea,
363 4065 476 4152 triplici
500 4088 538 4131 ex
560 4066 744 4140 recensione,
769 4065 912 4148 adscripsi
934 4064 1044 4128 locum.
1082 4064 1168 4140 Quod
1191 4071 1255 4128 tan·

119 4191 189 4246 tum
213 4178 309 4246 valuit
328 4180 408 4265 apud
432 4182 479 4246 Su
491 4180 698 4256 cheseium,
717 4184 753 4242 ut
774 4183 804 4243 et
820 4177 871 4241 illa
894 4184 923 4242 et
945 4177 1014 4242 haec
1034 4178 1179 4261 ejicienda
1194 4199 1254 4242 esse

155 4437 192 4496 (1)
211 4432 384 4486 'Peritum—hic
403 4450 506 4499 repono,
528 4443 555 4484 ut
574 4435 631 4484 fecit
649 4435 711 4498 ipsc,
729 4434 782 4484 sine
802 4432 1013 4498 interpunctionis
1032 4432 1119 4495 signis.
