2782 4958
226 357 289 419 tlt
711 371 866 414 musonnu

227 542 356 627 explicat
380 543 513 604 honorum
535 539 749 618 pomeranicae,
775 538 946 603 voluntaris
968 539 1111 622 quidem,
1137 538 1189 603 sed
1213 541 1269 622 qual
1287 559 1343 625 pro.

226 657 285 742 prii
308 653 385 718 nihil
409 675 442 718 ac
464 653 542 737 privi
566 652 695 738 singulis
718 653 950 737 relinqueretur.
986 654 1081 730 Quam
1101 675 1172 720 vero
1190 653 1249 718 loci
1268 655 1342 718 iuter·

227 769 425 854 pretationem
440 788 509 831 oum
530 768 595 852 ipso
617 769 796 832 narrationis
810 771 962 834 Lucaneae
976 774 1081 834 tenore
1100 790 1136 833 ao
1156 770 1345 834 consecutione

228 905 291 949 non
314 882 389 946 bene
412 883 581 956 concinere,
601 886 668 966 post
686 880 760 945 alios
777 887 915 947 accurate
935 903 1031 968 nuper
1049 883 1157 947 docuit
1179 880 1347 947 luthard-

229 998 312 1061 tius
337 999 394 1079 (l).
444 996 487 1060 Ad
509 1016 606 1060 unum
626 995 745 1078 quidem
763 996 988 1082 Hierosolyma
1010 1002 1130 1061 coetum
1146 998 1184 1062 ld
1202 996 1348 1079 reatrieps't,

229 1132 318 1195 qnam
337 1111 379 1174 ita
398 1111 574 1195 amplificat,
596 1110 732 1174 omnium
752 1109 900 1176 bonorum
915 1112 1161 1175 communionem
1178 1109 1238 1193 (2).
1262 1111 1349 1174 leun

229 1245 378 1308 nusquam
400 1225 565 1290 imitatores
587 1224 735 1288 invenisse
758 1224 904 1290 Ecclesiae
925 1227 1041 1301 matris,
1066 1225 1158 1309 cujus
1175 1244 1287 1289 summa
1302 1228 1349 1288 erat

229 1340 341 1423 primos
364 1339 444 1423 apud
466 1336 649 1404 Christianos
671 1339 852 1420 auctoritas,
878 1338 1050 1424 exemplum
1072 1340 1126 1403 vix
1148 1337 1290 1404 credibile
1308 1343 1349 1404 est

229 1453 323 1533 Tum,
348 1450 402 1515 ubi
425 1449 561 1528 Christo,
592 1452 627 1514 in
648 1454 728 1516 terre
750 1453 873 1538 degenti
896 1475 965 1519 oum
988 1452 1147 1538 discipulis
1167 1454 1268 1519 omnia
1287 1473 1350 1517 con·

231 1568 335 1630 munia
364 1568 454 1630 hrisse
483 1566 577 1642 dicit,
610 1567 647 1630 ad
677 1567 803 1651 ejusque
833 1569 929 1654 igitur
958 1569 1131 1654 exemplum
1154 1569 1268 1656 primos
1287 1566 1351 1632 iliu

231 1701 293 1744 sese
324 1681 524 1765 composuisse
553 1685 733 1757 sectatores,
766 1701 870 1745 vereor
899 1686 935 1746 ut
968 1681 1040 1746 falsa
1071 1681 1157 1746 falsis
1191 1680 1351 1746 fundentur.

231 1797 332 1879 Neque
365 1796 446 1860 enim
479 1817 544 1860 eam
566 1796 693 1860 Domino
723 1816 792 1859 cum
825 1793 976 1878 hpcstelis
996 1793 1148 1859 bonorum
1175 1792 1352 1859 intercessise

232 1910 478 1974 communitatem
500 1910 660 1991 existimo,
692 1914 729 1973 ut
759 1907 791 1973 hi
814 1930 853 1972 ne
876 1906 1083 1973 navicrderum
1106 1908 1234 1993 quidem
1254 1927 1353 1973 marum

231 2025 401 2108 ratiumque
424 2030 455 2090 et
476 2024 655 2106 domorum,
681 2045 756 2107 quae
779 2023 890 2088 Christi
913 2025 1015 2088 caumd
1038 2022 1075 2086 ad
1098 2027 1222 2108 tempus
1244 2021 1354 2105 relique

230 2141 316 2212 rant,
350 2137 413 2202 veri
443 2137 575 2201 nominis
607 2158 786 2222 possessores
816 2142 981 2202 manerent.
1038 2138 1239 2221 Caeteroqnin
1269 2136 1352 2211 enin,

233 2251 354 2316 Maera.
372 2253 443 2316 Vlll.
465 2253 518 2315 tl.
544 2251 617 2317 Iac.
644 2253 713 2316 Vlll.
741 2253 783 2317 38
808 2262 897 2334 atque
920 2250 1004 2328 alibi,
1029 2272 1083 2337 pro
1106 2250 1195 2316 Petri
1215 2251 1296 2317 domo
1313 2269 1354 2335 pt·

233 2365 294 2428 tius
328 2365 441 2429 Christi
474 2365 738 2450 dempturumque
776 2371 943 2454 κοινὸβιον
978 2364 1220 2449 nuncupandum
1256 2365 1353 2429 suiad.

233 2482 341 2544 Verum
364 2480 433 2544 ideo
455 2483 573 2544 tantum
592 2478 677 2558 hacc,
698 2501 774 2563 quae
791 2479 941 2564 copiosius
960 2484 1168 2564 exposuerunt
1187 2477 1254 2560 alii,
1271 2475 1356 2563 peuda

233 2595 401 2680 attigimus,
434 2616 485 2668 ne,
510 2594 646 2677 quamvis
668 2595 767 2659 invito
790 2593 966 2679 gravissimo
988 2595 1167 2678 interprete,
1192 2590 1354 2665 decidisti,

233 2730 324 2792 quem
347 2708 436 2773 hodie
454 2715 574 2789 vocant,
592 2711 711 2793 patroni
735 2714 787 2774 aut
809 2727 1013 2794 praecursores
1037 2705 1220 2771 haberentur
1243 2706 1356 2772 Christus

233 2827 264 2886 et
286 2821 420 2908 Apostoli
443 2824 502 2907 (3).

234 2966 390 2976 --..--

268 3063 311 3126 (l)
329 3062 391 3113 Vid.
409 3078 499 3113 comm.
525 3061 709 3126 Meyeriaui
726 3061 752 3111 in
775 3059 840 3111 Aeta
858 3060 926 3126 App.
943 3075 977 3111 ex
1001 3060 1355 3123 hetruscorumque

234 3158 348 3221 reposuit
365 3158 391 3206 in
410 3155 547 3206 Reuteri
565 3153 622 3219 ollp.
640 3153 737 3219 Repert.
755 3156 786 3204 ad
805 3169 839 3204 m.
857 3151 920 3204 dun.
942 3158 1016 3214 185⁵,
1036 3168 1061 3219 p.
1074 3154 1122 3202 487
1142 3167 1201 3218 sqq.
1230 3150 1286 3203 Hic
1300 3151 1355 3201 illias

234 3264 268 3300 ex
286 3249 418 3310 relatione,
435 3263 501 3314 quas
519 3249 600 3299 multa
619 3247 699 3298 bonae
717 3248 797 3312 frugis
815 3249 940 3308 continet,
954 3249 1116 3313 postmodum
1133 3261 1188 3297 non
1205 3246 1279 3297 nulla
1294 3242 1352 3294 duxi·

233 3357 291 3392 mus
309 3343 435 3407 exempla.

268 3435 305 3496 (a)
325 3434 400 3484 Adeo
418 3448 507 3484 rernm
527 3439 565 3484 eat
582 3449 615 3484 ne
633 3433 821 3484 severissimum
839 3433 941 3496 quidem
960 3431 1008 3480 sibi
1025 3437 1143 3482 censure
1161 3445 1239 3496 porse
1261 3433 1351 3495 Quem

233 3528 438 3592 grammaticum.

164 3612 170 3618 ’
267 3624 305 3686 (3)
325 3620 489 3684 Quantopere
507 3634 597 3684 saepe,
612 3619 633 3669 si
651 3619 743 3682 adject.
762 3621 816 3676 πᾶς
833 3617 884 3668 riae
897 3615 1028 3682 exceptione
1045 3630 1147 3668 sumere
1166 3616 1240 3676 velit,
1252 3622 1351 3681 torquere

232 3729 259 3766 se
277 3716 367 3764 debeat
385 3713 528 3777 Interpres,
546 3712 690 3761 luculenter
708 3711 781 3761 docet
801 3711 873 3763 loeus
891 3707 982 3759 Joonn.
1001 3707 1022 3758 1.
1040 3713 1068 3766 9;
1087 3707 1132 3759 ubi
1150 3707 1248 3760 πάντα
1264 3705 1352 3774 drdpe·

232 3822 300 3866 noe,
327 3807 352 3855 r'rr
375 3804 483 3854 mundum
507 3804 648 3864 venientem,
668 3802 799 3854 illrrnriaare
826 3805 918 3853 dicitur
944 3797 1079 3865 tAtyar.
1116 3799 1213 3863 Quor,
1233 3802 1351 3868 praeeunte

232 3899 373 3954 Liiclri0‚
392 3898 506 3960 accipere
527 3912 579 3948 non
596 3896 684 3946 dubito
702 3898 733 3947 de
750 3911 882 3960 quocunque
899 3895 1002 3956 lamiae,
1021 3898 1063 3959 qui
1072 3892 1128 3956 fide
1147 3893 1229 3946 moira
1245 3893 1280 3945 od
1293 3893 1350 3958 epm

233 3991 369 4043 occesserit.
407 3990 479 4039 Hanc
498 4004 557 4040 vero
575 3990 752 4040 limitationem
770 4003 803 4039 ne
821 3990 956 4039 admittere
974 3997 1080 4052 cogatur
1094 3988 1264 4054 Meyerus,
1282 3985 1349 4037 distin·

234 4086 290 4150 guit
307 4082 443 4148 empiricam
460 4083 527 4131 inter
544 4082 768 4139 necessitudinem,
789 4097 866 4146 qnam
887 4081 929 4130 hic
947 4095 1002 4131 esse
1020 4088 1108 4144 nogat,
1127 4087 1155 4130 et
1171 4079 1284 4138 idealem,
1301 4085 1348 4143 <111⁸⁸

233 4196 251 4229 α
271 4186 342 4244 porte
367 4175 416 4225 τοῦ
436 4173 530 4240 Λόγου
556 4175 660 4225 omnino
683 4175 802 4226 obtineat.
839 4175 914 4238 Quod
936 4175 1077 4240 eujusmodi
1095 4175 1128 4224 sit
1150 4189 1195 4226 me
1216 4188 1269 4226 non
1288 4169 1347 4224 intel·

233 4272 312 4336 ligere
330 4269 420 4321 fateor.

267 4361 340 4414 Haec
357 4362 402 4413 uhi
419 4362 579 4428 scripseram,
593 4362 665 4411 eecel
683 4374 740 4411 mea
757 4361 822 4411 sorte
837 4360 973 4425 inspiciens
988 4366 1122 4424 annotata,
1139 4361 1235 4413 similia
1253 4363 1282 4412 de
1297 4359 1318 4409 h.
1330 4355 1344 4403 l·

231 4455 442 4522 interpretatione
470 4452 609 4506 Censorem
635 4454 764 4507 monuisse
790 4455 879 4515 rideo,
898 4455 942 4519 qui
968 4456 1000 4508 de
1026 4469 1120 4509 comm.
1139 4456 1167 4509 in
1184 4453 1271 4508 Jounn.
1287 4453 1344 4506 edi
