2782 4958
124 316 167 378 46
615 329 774 373 araaoauu

126 501 252 566 forsitan
274 500 347 595 quia
367 503 537 582 comparet,
559 497 594 561 in
616 496 805 562 Arabaicdis
825 498 887 561 vitat
915 497 1035 562 Timaei
1057 495 1129 583 (1),
1154 494 1281 561 Arabi·

128 638 197 683 oum
222 621 361 704 &po-m
388 600 466 698 alib,
490 616 632 680 umbram
655 617 742 700 leupo
762 626 948 699 protensum.

173 729 272 805 Quae,
296 733 448 813 postremo
470 728 603 812 ejusdem
627 734 699 795 sect.
724 729 908 805 4membro‚
927 731 1064 814 seqnitur
1086 750 1147 794 vox
1173 742 1276 832 unp,

129 867 202 932 haec
225 869 315 932 etiam
338 869 419 952 ipsa,
450 868 612 932 dummodo
635 875 718 934 recta
740 869 927 953 explicetur,
961 867 1102 954 graphice
1126 867 1270 934 afflictis·

130 982 199 1046 simi
214 981 291 1047 'Viri
314 982 519 1046 conditionem
542 983 697 1047 deformat.
744 982 911 1049 Nonnullis
933 983 1068 1067 quidem,
1095 983 1192 1047 veluti
1218 982 1265 1048 H.

129 1099 172 1163 ul.
197 1096 463 1162 Schultenaio
488 1095 555 1184 (2),
581 1098 806 1163 ouoiaecuroc
829 1097 1066 1162 assentientur.
1113 1097 1165 1163 Ad
1188 1118 1265 1182 quos

130 1216 266 1301 proxime
285 1215 459 1279 accedentes
471 1212 686 1291 Alexandrini,
706 1213 833 1278 liberius
851 1234 907 1276 uec
927 1216 1078 1288 accurate,
1091 1209 1259 1296 praebent:

131 1331 253 1416 πλήρης
281 1331 315 1396 δὲ
344 1333 477 1415 γίνομαι
504 1330 647 1398 ὀδυνῶν.
694 1328 811 1392 Verum
841 1327 1055 1413 significantur
1076 1327 1199 1410 potius,
1227 1348 1261 1389 ex

130 1443 215 1509 verbi
235 1443 433 1529 proprietate,
459 1442 542 1506 illius
564 1443 771 1518 volutationes,
795 1440 868 1526 qui,
892 1461 953 1524 quo
975 1462 1007 1503 se
1028 1444 1126 1505 vertat
1149 1441 1262 1505 insom-

130 1560 179 1623 nis
200 1562 236 1622 ut
258 1557 371 1623 doloris
393 1579 513 1641 sensum
536 1557 628 1634 fallat,
651 1557 799 1636 nesciens,
822 1553 911 1618 modo
930 1555 962 1617 in
978 1555 1055 1618 lonc
1069 1559 1187 1638 partem
1205 1561 1269 1618 ma·'

130 1671 169 1736 lis
191 1676 331 1734 enectum
354 1673 455 1735 versat
480 1670 637 1755 jactatque
660 1689 788 1754 corpus,
814 1669 903 1734 modo
924 1669 958 1732 in
980 1669 1078 1732 illam.
1125 1669 1200 1744 Sic,
1225 1691 1260 1733 ne

131 1783 569 1860 Van-Der·Palminm,
605 1782 870 1868 Stickclium,
908 1782 1261 1867 Heiligstedtium

131 1898 265 1984 aliosque
292 1919 471 1976 memorem,
501 1899 669 1963 rectissime
691 1897 925 1975 Hirneliua3
951 1898 1004 1981 qui
1027 1901 1093 1960 toto
1111 1896 1173 1960 ⁴hoc
1196 1896 1262 1960 loco

132 2012 307 2097 explicando
335 2013 545 2078 Semiticarum
573 2012 759 2079 Litterarum
786 2013 935 2077 Statorem
958 2015 1080 2075 secutus
1102 2016 1153 2101 est
1171 2010 1259 2076 Alb.

132 2125 449 2191 Schultensinm.

173 2377 279 2465 Magis
301 2380 457 2465 magisque
488 2363 643 2464 pungente
676 2377 821 2441 acerrimo
851 2373 964 2438 doloris
995 2397 1105 2447 sensu,
1137 2378 1264 2442 sectione

132 2495 241 2580 quintet
261 2495 377 2560 deamat
399 2494 444 2557 sio
466 2493 566 2557 denuo
590 2496 823 2576 conquerentem
846 2490 985 2554 audimus
1007 2488 1141 2554 Jobnm:

168 2723 172 2728 ,
245 2658 393 2739 Quocirca
415 2659 641 2742 suffocationem
665 2657 741 2722 milii
763 2672 846 2722 meua
867 2665 991 2741 cooptat
1012 2656 1152 2733 enimus,

242 2773 431 2858 Mortamqua
452 2772 499 2836 lia
521 2774 594 2836 meu
615 2772 729 2837 crottum
746 2769 898 2856 praefert.

176 2932 315 3005 Quorum
338 2933 412 2997 haec
433 2931 582 2997 sententia
604 2936 662 3006 eat,
684 2930 812 3018 abrupta
830 2931 986 3010 brevitate,
1004 2935 1037 2998 in
1057 2954 1186 3013 summo,
1209 2935 1263 3019 qni

132 3049 260 3136 cogitari
282 3049 394 3135 possit,
418 3069 530 3134 angore
554 3049 728 3112 enuntiata:
756 3048 850 3112 ’Tam
873 3046 1078 3113 intolerabiles
1092 3052 1176 3126 sunt,
1194 3049 1262 3133 qui·

131 3163 190 3229 bus
212 3164 387 3238 excrucior,
412 3163 547 3238 dolores,
570 3165 606 3227 ut
628 3162 768 3227 suffocari
791 3161 893 3227 malim
914 3166 968 3226 aut
989 3182 1171 3247 quocunque
1196 3167 1263 3226 tan·

131 3279 199 3344 (lem
223 3279 329 3342 mortis
351 3299 462 3363 genere
482 3279 593 3362 perire,
615 3299 706 3362 quam
730 3279 762 3342 in
785 3277 958 3343 miserrimo
980 3276 1038 3340 hoc
1062 3277 1180 3341 diutius
1202 3277 1261 3341 dc-

53 3404 61 3414 “
131 3415 203 3480 gere
226 3391 382 3478 corpore.”
412 3395 460 3458 Ac
480 3379 635 3478 praeclare*
648 3392 737 3456 nobis
752 3393 862 3478 judicii
877 3392 1036 3456 sanitatem
1050 3390 1159 3476 probat
1174 3391 1263 3457 Hir·

132 3508 273 3587 zeliua,
304 3508 384 3592 quod
408 3506 445 3572 ab
467 3507 545 3584 hac,
577 3529 666 3592 qnam
696 3508 787 3573 nnice
809 3527 909 3571 veram
942 3528 1006 3570 esse
1027 3507 1099 3570 satia
1122 3511 1260 3584 constat,

22 3646 25 3652 ’
131 3623 332 3708 explicatione
354 3645 371 3686 a
391 3623 511 3687 nemine
542 3643 573 3685 se
596 3620 706 3685 deduci
737 3643 841 3708 passus
872 3627 926 3687 est.
974 3622 1021 3686 De
1051 3623 1150 3708 priore
1178 3623 1263 3686 enim

131 3735 274 3798 sectionis
296 3733 489 3798 hemistichio
511 3756 550 3798 ne
573 3734 679 3814 dicam,
695 3757 751 3821 pro
774 3757 819 3814 eo,
842 3737 923 3821 quod
938 3736 971 3800 in
985 3737 1151 3822 posteriore
1166 3736 1263 3821 scrip·

131 3853 198 3913 tum
221 3852 335 3924 exstat,
358 3855 511 3952 ’pinguia
536 3850 752 3916 Reiskium
776 3858 909 3931 secutus,
934 3849 977 3915 H.
992 3852 1032 3915 A.
1055 3848 1263 3914 Schulteu·

129 4051 285 4062 ——---

166 4203 201 4268 (1)
209 4207 256 4256 Ed.
270 4203 448 4270 Mouqcrioune
458 4205 531 4256 Tom.
539 4206 577 4257 11.
587 4223 613 4272 p.
624 4212 682 4257 240.
691 4206 732 4259 cf.
741 4208 904 4259 Willmeti
917 4206 979 4258 Lex.
989 4206 1045 4272 liap.
1055 4206 1145 4269 Arub,
1157 4223 1182 4256 v.
1201 4165 1260 4268 :lua

168 4302 204 4365 (2)
223 4299 283 4350 Vin.
299 4298 333 4349 Η.
353 4299 389 4350 A.
405 4299 445 4358 8.,
465 4300 502 4350 laet
521 4301 578 4350 took
595 4299 658 4360 Jct,
672 4302 757 4353 uittae
770 4302 851 4353 Hetr.
869 4301 984 4363 vertoald,
1000 4310 1044 4352 met
1061 4298 1212 4362 canuerat„
1229 4315 1262 4350 aa

132 4392 234 4460 dcaaelsa
249 4392 310 4444 deod
323 4395 455 4458 uitpepecea
471 4409 499 4442 eu
513 4393 612 4444 notwid
627 4395 684 4444 door
699 4395 735 4447 Η.
755 4396 963 4460 Muntinghc;
982 4395 1067 4447 Amst.
1091 4397 1165 4444 1794.
