2782 4958
546 130 585 171 nr
610 128 711 172 uraris
734 127 932 171 nasamonas.
1238 108 1291 170 ill

139 289 203 358 res
218 293 391 359 nonnullos
408 295 575 359 consuerit
585 292 652 380 (1).
677 292 747 358 iam
762 314 834 358 vero
845 313 903 357 nec
918 292 1031 357 Borm
1041 293 1190 359 aurium
1205 293 1299 359 fuisse

131 429 209 474 neo
242 407 418 473 Munium
448 404 537 472 uobis
559 408 716 493 apparuit,
750 408 802 471 sed
844 427 1047 485 calaresium,
1084 407 1137 492 qui
1160 407 1293 492 primus,

126 524 300 607 quamvis
329 521 517 601 adolescens,
548 521 640 607 hujus
663 524 707 586 rei
738 523 872 599 rectius,
896 541 984 605 quam
1009 519 1093 584 Viris
1119 521 1298 606 contigisset

124 637 356 718 doctissimis,
373 634 597 723 perspiciendae
611 636 691 700 viam
707 634 881 722 aequalibus
893 635 1078 720 posterisque
1102 639 1293 702 monstrarat.

124 750 279 823 Quodsi
310 753 391 816 enim
421 761 493 815 non'
512 749 613 814 omnia
643 750 743 824 forte,
775 771 851 834 quae
874 749 925 813 hic
948 751 980 812 iu
1004 769 1126 813 censum
1150 750 1292 831 veniant,

120 865 292 944 viderit,
318 866 356 930 de
384 887 446 951 quo
471 886 533 931 uon
560 864 686 949 judico;
711 863 744 929 id
768 869 866 943 certe,
889 862 969 948 quod
997 858 1132 955 caussam
1158 862 1297 928 contine·

121 978 222 1060 bat,
263 979 298 1044 id
328 985 375 1045 est
404 1000 508 1044 revera
537 981 694 1045 maricam
725 979 819 1044 faisse
849 984 939 1062 atqua
966 977 1003 1041 ad
1026 976 1188 1042 Prosodiaa
1210 976 1306 1062 leges

121 1097 317 1172 exactam,
341 1098 478 1161 veterum
508 1095 676 1162 carminum
699 1094 866 1173 rationem,
898 1114 955 1156 neo
977 1094 1042 1178 ipse
1065 1092 1217 1177 ignoravit
1238 1113 1295 1157 neo

121 1208 291 1273 lectores
318 1209 460 1294 ignorare
490 1229 596 1294 passus
630 1213 688 1273 est.
735 1207 804 1274 Nos
834 1208 943 1293 igitur,
980 1209 1037 1271 etsi
1067 1207 1295 1274 Bormansii

125 1321 371 1408 Moniique
392 1322 429 1387 de
452 1320 567 1387 honore
589 1321 667 1387 nihil
686 1322 848 1406 quicquam
865 1322 1032 1387 detractum
1053 1321 1204 1400 volumus,
1230 1344 1296 1388 orn·

125 1457 204 1500 nes
231 1440 358 1518 manau,
390 1437 443 1522 qui
474 1436 615 1522 deinceps
643 1440 778 1502 vetustae
800 1435 926 1501 Posseoa
953 1434 1203 1502 Nederlondicae
1226 1458 1296 1502 oon·

131 1551 303 1636 seriptuvi
325 1556 398 1617 suut
416 1549 593 1628 historiam,
619 1553 655 1616 ut
673 1553 799 1616 caveant
818 1570 958 1635 rogamus
985 1570 1023 1612 ne
1054 1550 1170 1616 diutius
1187 1551 1294 1635 Justis·

133 1667 234 1732 sima
256 1663 331 1740 illa,
355 1686 446 1750 quam
467 1665 620 1747 diximus,
648 1664 835 1731 inventionis
857 1663 943 1729 laude
972 1664 1150 1729 destitutum
1177 1678 1294 1732 maneat

136 1779 346 1845 Clarissii
370 1801 478 1846 nomeu
502 1799 538 1844 ao
560 1778 782 1846 defraudatum.

196 2111 285 2199 Pop.
307 2119 394 2194 292,
420 2126 523 2182 annot.
551 2120 592 2196 3,
617 2121 707 2202 atqua
726 2115 837 2182 iterum
862 2139 935 2204 paq.
959 2121 1037 2199 337,
1063 2117 1291 2202 Praeceptoris,

136 2226 306 2315 juvenilis
340 2249 394 2292 sna
427 2230 612 2295 recensentis
641 2227 804 2314 opuscula,
844 2229 991 2295 scidulam
1019 2251 1121 2315 presse
1149 2235 1290 2311 secutus,

143 2361 226 2406 eum
249 2341 288 2405 ad
311 2341 472 2408 Horreum
493 2343 613 2428 aliquod
632 2344 782 2428 symbolas
804 2345 968 2409 contulisse
985 2367 1186 2422 narraveram,
1210 2344 1293 2431 qnod

142 2457 317 2522 vernacule
337 2458 467 2535 editum,
492 2461 638 2546 opictots
659 2480 769 2523 nomen
788 2458 912 2523 haberet
928 2458 986 2546 (2).
1021 2460 1069 2523 De
1092 2450 1179 2545 cujus
1193 2466 1294 2526 nmen

144 2571 257 2657 operia
279 2592 336 2636 nec
358 2571 474 2635 ratione
497 2569 572 2642 mihi
592 2571 769 2636 constiterat
785 2593 841 2637 nec
861 2574 987 2637 caeteris
1008 2573 1190 2638 auctoribus.
1222 2573 1293 2646 Quo

144 2686 254 2772 magis
277 2684 328 2750 hic
349 2685 560 2750 benevolentia
581 2668 780 2772 praedicanda
802 2693 867 2767 est,
893 2690 954 2772 qut
977 2710 1014 2751 ex
1036 2688 1154 2753 incerto
1176 2694 1292 2754 certum

143 2817 201 2863 ma
235 2798 310 2863 iecit
341 2797 507 2863 Isattcus
540 2800 675 2880 Prius,
706 2822 860 2866 sacrorum
891 2803 970 2887 apud
1000 2802 1294 2867 Amstelodamenses

144 2913 296 2978 Antiates
318 2912 494 2992 fidissimus,
520 2915 586 2999 qui,
610 2916 741 3002 optimae
762 2915 863 3002 frugis
884 2916 917 2980 in
937 2915 1020 2980 vario
1038 2937 1149 3002 genere
1172 2917 1294 3001 scriptis

144 3026 264 3109 editis,
296 3025 350 3092 ubi
379 3025 633 3092 Voorstianae
662 3029 798 3094 cernitur
826 3029 1009 3115 praestantia
1032 3028 1226 3112 discipliuae,
1251 3028 1290 3092 da

144 3138 294 3206 means
326 3140 550 3208 Nederlandiot
580 3141 657 3208 bena
685 3143 798 3210 meruit
824 3164 879 3226 ao,
911 3143 1049 3226 quamvis
1079 3141 1285 3227 grandaevus,
1358 3138 1361 3147 '

152 3337 308 3348 ——a—

189 3451 229 3517 (1)
248 3453 289 3503 De
313 3454 467 3518 quaestionis
490 3467 549 3506 cum
571 3454 675 3504 historia
697 3462 752 3505 tum
774 3455 872 3507 ratione
889 3455 964 3520 plura
980 3456 1081 3520 copiosa
1099 3461 1124 3506 et
1141 3457 1213 3509 docte
1230 3471 1288 3510 mo·

148 3545 228 3606 nuit,
251 3547 297 3608 qui
317 3547 422 3597 omnino
444 3547 613 3598 consulendus
635 3554 683 3607 cst,
702 3560 755 3597 rev.
774 3545 806 3596 P.
828 3547 1008 3600 Leendarta
1026 3545 1059 3599 G.
1075 3548 1095 3599 f.
1113 3548 1167 3612 (W.
1184 3549 1239 3613 a),
1258 3551 1287 3602 iu

149 3635 293 3705 Ephemer·
310 3640 460 3690 vernacula:
477 3638 517 3690 Da
531 3637 604 3701 Gida,
623 3642 655 3691 ad
672 3657 695 3692 a.
717 3645 792 3701 1850,
810 3640 858 3691 ΝΟ.
877 3643 903 3700 a,
922 3655 949 3705 p.
964 3645 1013 3692 269
1027 3638 1096 3706 sqq-¹
1116 3639 1168 3693 Ubi
1179 3645 1209 3695 de
1220 3644 1287 3696 libro

153 3733 233 3782 refert
249 3733 284 3784 ol.
298 3733 342 3785 W.
351 3732 370 3783 J
372 3735 382 3784 .“
395 3733 432 3785 A·
448 3734 468 3784 J
474 3733 664 3795 onokbloet,
680 3748 735 3783 over
747 3729 928 3783 middannsdarl.
937 3732 1044 3798 cpr'aclren
1057 3732 1193 3796 Verebatur,
1204 3735 1285 3786 Amat.

160 3829 231 3876 lasa.
249 3819 283 3863 -ὲ
303 3823 526 3886 Clarisaiibdc
543 3828 570 3876 iu
587 3827 677 3876 causat
693 3825 784 3876 merita
806 3825 897 3875 raritas
919 3827 1066 3877 obscurasse
1083 3828 1184 3877 videtur
1200 3827 1284 3886 illins,
1380 3894 1382 3898 .

155 3931 206 3979 quo
223 3919 322 3968 doctam
340 3920 535 3981 consignaverat
552 3903 762 3983 disputationem,
781 3919 881 3984 operia:
904 3915 1061 3969 Selorkomer
1075 3933 1121 3968 oon
1142 3917 1244 3983 Varnafl
1257 3933 1285 3970 en

157 4005 255 4058 Smoak.
290 4008 349 4070 Quo
369 4009 434 4059 libro
457 4009 479 4059 si
502 4010 558 4074 quis
580 4010 646 4060 forte
669 4010 707 4059 uti
729 4010 829 4074 cupiat,
850 4010 882 4060 ad
899 4010 1111 4061 commodandum
1129 4009 1228 4063 facilem
1244 4027 1284 4063 me

160 4103 289 4162 praebebo.

192 4193 227 4256 (2)
244 4195 426 4245 Nodarlandice
442 4195 507 4246 iiber
525 4195 632 4245 dicitur:
651 4193 702 4243 Her
717 4193 878 4260 podsdienatr'p
895 4193 1032 4261 llopaaq'n.

1096 4286 1150 4351 gii·
