2782 4958
128 326 192 391 l5d
615 345 770 390 marorum

124 521 187 589 tur,
214 512 291 577 bona
313 534 347 577 ac
370 513 509 578 virtutes.
551 513 590 576 Ac
613 510 757 576 solutiore
778 512 869 575 etium
892 509 994 593 aliqud
1015 532 1101 574 nunc
1122 508 1241 576 libertate

125 649 197 692 usus
226 629 393 712 Interpres,
417 648 494 710 qnos
522 627 680 711 incipienti
713 624 851 709 scopulos
876 623 1039 709 objiciebat
1071 624 1170 689 debita
1192 626 1241 690 iere

125 743 186 806 Viri
210 743 326 822 eximii,
351 743 405 825 qui
428 742 512 826 operi
537 746 689 824 praeerat,
711 740 860 818 imitatio,
886 761 936 803 eos
958 739 1155 825 plerumque,
1179 740 1242 804 vires

125 857 281 940 acquirens
304 856 416 931 eundo,
441 855 570 920 feliciter
593 855 727 918 evitavit.

170 1087 266 1147 Erunt
297 1083 421 1146 fortasse
444 1103 505 1145 non
528 1081 626 1160 nulli,
651 1084 724 1166 qui,
750 1086 819 1165 post
846 1081 959 1145 editum
983 1088 1053 1145 ante
1080 1081 1135 1144 lros
1156 1079 1243 1165 plures

125 1220 219 1262 annos
234 1198 520 1282 praestantissimum
532 1196 741 1260 Frederici
758 1193 797 1258 Β]
808 1195 918 1258 eckii
932 1195 1182 1259 commentarium
1194 1193 1242 1282 (l),

125 1313 306 1398 superfluam
341 1332 433 1394 paene
469 1309 596 1374 habeant
626 1315 715 1393 atque
744 1310 859 1374 Iliadis
877 1318 947 1389 post
973 1310 1135 1375 Homerum
1166 1310 1245 1372 instar

126 1426 370 1491 Liinemanni
396 1423 472 1488 hanc
495 1444 615 1508 operam
637 1428 728 1506 etque
749 1424 1038 1507 interpretationem.
1084 1424 1246 1506 Aquorum

123 1539 240 1624 jndicio
256 1537 393 1624 pluribus
410 1561 458 1602 me
473 1537 647 1601 nominibus
669 1537 825 1601 dissentire
840 1537 991 1622 profiteor.
1024 1537 1162 1600 Primum
1180 1536 1246 1599 enim

126 1652 271 1738 Theologi
293 1653 457 1716 Bonnensis
480 1673 575 1736 opus,
599 1653 736 1735 quumvis
762 1652 879 1736 magnis
900 1649 1089 1716 cumulatum
1109 1650 1246 1733 justisque

126 1766 278 1847 laudibus,
303 1787 400 1849 neque
416 1766 555 1830 omnibus
577 1765 707 1851 parabile
726 1770 771 1829 est
793 1787 890 1849 neque
911 1765 1046 1828 omnium
1069 1765 1182 1848 pariter
1195 1765 1246 1827 usi·

126 1882 183 1947 bus
205 1880 470 1946 accommodatum.
517 1884 589 1946 Nam
613 1903 707 1964 quum
723 1882 795 1945 satis
817 1902 927 1965 magno
949 1879 1036 1944 venit
1057 1881 1170 1964 pretio,
1193 1884 1247 1943 tum

126 1993 276 2078 plerisque
299 1995 331 2057 in
354 1993 427 2058 locis
458 1993 642 2078 explicandis
667 1995 830 2080 longiorem
858 2016 1032 2059 consumere
1054 1993 1133 2058 solet
1156 1993 1247 2078 dispu-

126 2110 282 2184 tationem,
302 2130 392 2192 quam
415 2110 568 2173 commode
591 2110 624 2173 in
646 2110 765 2194 frugem
784 2116 957 2174 convertere
978 2109 1001 2172 ii
1024 2109 1143 2192 possint
1161 2128 1247 2170 sacro·

127 2245 194 2287 rum
218 2225 374 2289 Antistites
398 2223 511 2308 (quales
533 2246 623 2307 quem
645 2224 783 2307 multil),
808 2225 874 2307 qui,
899 2222 1040 2306 plurimis
1062 2221 1176 2286 intenti
1198 2221 1248 2285 dis·

123 2338 261 2422 tentique
299 2339 466 2423 gravissimi
503 2340 636 2402 muneris
677 2337 951 2422 occupationibus,
997 2336 1247 2420 expeditissimum

126 2452 266 2536 quodque
297 2474 331 2516 ac
362 2454 597 2537 paratissimum,
621 2475 682 2536 quo
712 2453 749 2517 ed
771 2451 938 2537 pleniorem
964 2451 1147 2534 adjuventur
1168 2449 1250 2514 totius

126 2563 276 2648 Epistolae
299 2562 540 2650 intelligentiam,
562 2564 779 2630 adminiculum
802 2565 860 2630 sibi
880 2586 1022 2648 quaerere
1039 2562 1154 2626 debent
1174 2570 1251 2645 atque

126 2679 325 2744 Enotiridicc
348 2680 404 2764 (2).
453 2681 586 2753 Quorum
608 2680 703 2765 igitur
730 2681 839 2744 studiis
862 2680 1053 2744 utilissimum
1078 2680 1143 2743 fore
1166 2679 1251 2742 conli-

116 2850 284 2859 ..ο-...Μ

160 2958 203 3022 (1)
222 2957 274 3006 Der
294 2955 341 3005 Br.
359 2973 391 3006 nn
414 2955 452 3006 die
478 2955 554 3005 Hedr.
576 2955 688 3006 crdiutcrt
708 2956 783 3007 duret
809 2956 888 3017 Eiet,
914 2956 1013 3007 Uetera.
1033 2973 1057 3006 u.
1075 2954 1249 3021 firrtlcusendea

127 3051 212 3104 coam.
227 3067 271 3101 noa
287 3051 415 3100 Friedr.
435 3051 554 3108 Bleelr3
573 3049 657 3101 Berol.
680 3056 858 3101 rsus-1840.
876 3051 903 3100 11
921 3051 1001 3111 Von,
1019 3049 1060 3098 111
1078 3051 1131 3100 Prt.

161 3147 195 3206 (2)
215 3145 345 3196 Bleekii
363 3144 395 3195 de
413 3144 478 3195 libro
490 3152 516 3192 et
533 3143 578 3193 alii
595 3143 657 3194 olim
675 3158 722 3193 sua
734 3145 841 3207 quisque
855 3143 952 3206 judicis
969 3143 1151 3208 prodiderunt,
1163 3154 1189 3192 ee
1205 3140 1251 3190 bini

125 3240 166 3291 his
183 3240 244 3304 ipsis
261 3255 276 3289 a
293 3238 382 3288 studiis
405 3238 432 3286 in
451 3237 538 3300 paucis
557 3236 683 3286 nobilitati
707 3235 845 3294 Censores,
865 3237 1008 3287 Derides
1026 3232 1159 3293 Sohuls,
1179 3233 1251 3284 Wra-

126 3332 294 3391 tislaviensis,
322 3344 351 3378 ac
379 3327 448 3380 Car.
473 3327 502 3375 F.
529 3327 564 3377 A.
588 3327 774 3390 Fritzsclre,
797 3330 909 3391 primum
935 3328 1141 3386 Rostochiensis,
1169 3336 1252 3391 postea

127 3421 268 3473 Giessensis
286 3420 369 3471 Acad.
388 3420 521 3470 Professor
528 3439 534 3478 ;
553 3419 591 3468 illc
608 3421 711 3484 quidem
730 3421 756 3469 in
774 3419 841 3485 Allq.
862 3419 952 3476 (Harl.)
970 3420 1002 3471 L.
1021 3419 1056 3470 Z.
1078 3423 1110 3469 ad
1128 3435 1153 3469 a.
1178 3425 1249 3478 1829,

126 3514 171 3566 No.
194 3521 239 3565 105
264 3517 338 3565 stud
356 3529 380 3563 u.
404 3518 482 3569 1837,
500 3513 546 3561 N0.
565 3519 594 3568 43
618 3513 655 3562 dic
681 3526 742 3563 vero
767 3514 794 3562 in
817 3513 885 3578 Allp.
909 3511 1037 3562 Jenntsctc
1060 3512 1092 3562 L.
1110 3512 1145 3563 Z.
1169 3515 1202 3563 nd
1219 3529 1249 3563 m.

126 3611 202 3660 Mart.
225 3614 296 3671 rste,
313 3607 359 3656 N0.
379 3612 410 3656 58
428 3621 483 3671 sqq.
506 3606 633 3657 Universc
649 3621 753 3669 mugnus
770 3617 875 3670 uterque
891 3607 913 3655 ei
932 3607 1021 3656 leudes
1039 3606 1160 3669 impertit.
1184 3607 1253 3656 Libe·

126 3704 203 3753 ralins
228 3709 314 3751 tamen
330 3698 383 3762 ille,-
402 3700 446 3763 qni
468 3713 608 3762 perennem
631 3697 740 3748 Auctori
765 3698 886 3747 honorem
906 3699 1033 3761 peperisse
1055 3713 1122 3761 opus
1139 3699 1253 3749 affirmat.

126 3796 232 3845 Parcius
251 3793 288 3844 lie
297 3811 307 3854 ;
325 3794 381 3856 qni,
398 3807 445 3855 pro
462 3792 614 3840 inexorabili
632 3794 679 3840 sut
697 3793 829 3840 severitate
848 3793 1030 3853 grammatici,
1049 3805 1103 3841 non
1123 3793 1209 3841 nullos
1225 3790 1253 3840 il·

126 3889 177 3937 lius
203 3889 271 3936 locos
295 3887 395 3948 arguit,
415 3886 507 3948 quibus
533 3884 706 3934 Kuinoclii
734 3885 853 3932 vitiorum
880 3885 906 3933 in
925 3885 1072 3933 memoriam
1099 3897 1253 3933 revocemur.

126 3981 243 4044 Iniquius
260 3979 391 4043 proiecto,
411 3993 486 4041 qnam
505 3978 599 4026 uerius.
633 3976 746 4038 Uterque
764 3988 849 4026 sutem
868 3992 947 4040 quum
966 3986 1063 4025 vastum
1082 3990 1140 4025 esse
1164 3992 1194 4026 ae
1212 3976 1253 4025 dif-

127 4074 212 4123 fusum
236 4073 329 4122 librum
356 4071 439 4128 dolet,
459 4078 513 4119 tum
532 4069 728 4119 anlrmanni
747 4084 761 4118 a
784 4066 892 4130 critica,
914 4085 991 4132 quom
1009 4069 1191 4119 Arritmcticam
1207 4084 1253 4119 non

126 4168 211 4230 inepte
239 4172 309 4214 vocat
335 4163 557 4222 Fritzschins,
586 4177 661 4227 saepe
687 4177 745 4212 enm
763 4165 873 4226 pendere
894 4164 1012 4212 affirmat.
1047 4163 1137 4227 Atque
1155 4163 1252 4212 laicalia

127 4261 202 4308 etiam
220 4259 351 4323 praeclaro
377 4259 500 4321 inopere
525 4257 704 4320 reprehendit,
724 4271 791 4321 quoe
811 4255 907 4307 referre
930 4258 1037 4319 longum
1055 4265 1103 4306 cst.
1139 4257 1252 4313 Verum,

127 4367 177 4416 quo
195 4352 294 4416 plenius
306 4351 364 4401 libri
375 4353 442 4401 bona
459 4355 646 4413 cognoscantur
663 4364 692 4400 eo
702 4353 818 4410 virtutes,
832 4359 951 4400 securata
964 4351 1117 4400 conferenda
1129 4352 1177 4400 erit
1189 4351 1252 4400 reln-

128 4447 171 4504 tio,
190 4448 216 4494 in
235 4444 449 4496 Rheinwaldii
467 4442 523 4508 clip.
544 4441 639 4507 Rapere.
658 4445 689 4494 ad
708 4459 742 4494 m.
763 4443 901 4508 septembr.
923 4448 997 4504 1842,
1017 4449 1105 4508 p.193
1125 4459 1180 4509 sqq.
1206 4441 1251 4494 Uti
