2782 4958
495 356 536 399 nn
558 355 759 400 noraaansm.
1151 337 1190 399 31

105 543 126 604 ·,
155 531 191 590 ut
219 542 313 591 nemo
349 517 441 590 facile
475 521 677 610 accuratius,
709 519 892 618 religiosius
914 519 1191 618 constantiusque.

105 667 130 712 ic
153 641 308 716 derivatis
337 667 375 714 ac
403 642 543 715 turbidis
564 669 605 716 ex
634 644 764 733 rivulis,
790 643 847 717 sed
868 641 1100 742 antiquissimis
1120 647 1194 740 qui-

105 790 189 863 sque
225 791 263 837 ac
298 765 531 862 limpidissimis
562 791 602 838 ex
630 766 767 862 finalibus
797 792 895 864 puras
922 764 1076 838 historiae
1105 764 1194 838 velut

105 913 164 960 uas
199 887 397 961 hauriendas
428 913 500 960 esse
533 914 598 962 non
634 889 763 962 monitis
791 888 970 977 efficacius,
1004 913 1103 988 quam
1133 913 1194 961 suo

105 1037 132 1084 te
156 1014 322 1111 exemplo,
349 1012 529 1110 discipulos
555 1012 739 1087 edocendos
764 1013 911 1087 curabat.

108 1626 170 1701 Sed
196 1653 263 1727 quo
296 1629 418 1701 certius
443 1628 514 1700 Tibi
547 1641 691 1718 constet,
719 1628 877 1703 benevole
905 1631 1042 1703 Lector!
1071 1631 1193 1728 optimo

105 1753 215 1848 ajuro
244 1752 396 1849 Collegae
428 1751 645 1850 praedicasse,
673 1753 798 1852 quibus
820 1754 989 1827 Ecclesiae
1016 1754 1192 1856 Historiam

105 1877 118 1947 i
145 1874 305 1963 devinxit,
337 1876 451 1948 merita
487 1890 586 1974 atque
613 1876 733 1964 officia,
767 1879 845 1975 agel
883 1876 1075 1949 brevissima
1104 1893 1193 1952 certe

105 2004 165 2098 qua
192 2000 357 2072 notatione
379 2000 555 2098 praecipua
579 2000 678 2087 illius,
702 2025 788 2099 quae
811 1999 878 2072 huc
899 2000 1069 2072 reserenda
1095 2015 1191 2087 sunt,

105 2147 158 2195 era
183 2147 411 2196 recenseamus
433 2149 473 2197 ac
490 2124 735 2222 disputationes.
779 2125 862 2198 Nam
885 2123 994 2196 omnia
1012 2146 1192 2197 memorare

108 2270 191 2342 gum
214 2259 274 2318 est.
308 2247 382 2320 Non
402 2247 559 2344 temporis
580 2246 689 2343 igitur,
715 2244 773 2319 sed
791 2259 1058 2343 argumentorum
1083 2243 1192 2341 potius

105 2367 183 2442 ione
203 2366 334 2457 habita,
355 2367 396 2440 ab
415 2369 453 2442 iis
472 2369 650 2456 ordiamur,
666 2369 787 2469 quibus
804 2371 969 2441 aniversae
988 2366 1191 2441 Christianae

105 2491 229 2564 rietatis
246 2493 408 2565 Historiae
422 2492 473 2566 rel
488 2492 690 2590 singularum
710 2491 926 2591 quarumdam
947 2491 1034 2564 illius
1049 2490 1190 2590 partium

105 2615 226 2714 >posita
244 2630 314 2689 erat
333 2616 484 2714 cognitio.
512 2616 575 2690 Ubi
596 2616 735 2713 primum
749 2614 881 2714 quidem
901 2614 996 2687 binae
1010 2639 1069 2686 nos
1082 2612 1190 2688 denuo

105 2751 249 2827 restant,
276 2765 359 2839 quas
384 2766 413 2812 a.
441 2742 535 2817 l823
562 2755 594 2813 et
622 2767 653 2814 a.
677 2743 771 2818 tata
801 2755 834 2814 et
860 2739 992 2838 publice
1015 2738 1129 2813 habuit
1157 2752 1191 2813 et

105 2888 132 2934 ur
157 2861 300 2936 edendas
325 2863 470 2952 curavit,
496 2863 660 2938 orationes
686 2863 904 2961 inauguralcs.
956 2861 1021 2936 Sed
1049 2885 1188 2961 quarum

122 2984 277 3058 laudibus
301 3011 339 3060 ac
365 2987 562 3085 praestantia
579 3013 678 3086 supra
698 2988 764 3085 jam
787 2987 836 3085 (l)
865 3013 950 3087 quae
973 2986 1125 3060 sufficere
1144 2992 1189 3058 vi·

105 3123 219 3183 santur
245 3111 439 3184 monuimus.

105 3235 266 3320 Quocirca
291 3235 447 3308 continuo
467 3233 507 3307 ad
523 3235 684 3307 Historiae
705 3232 866 3305 Ecclesiae
885 3231 1084 3304 Christianae
1101 3231 1188 3304 Com·
1291 3271 1293 3275 >

105 3354 203 3430 taliam
227 3359 382 3433 accedere
408 3359 500 3445 licet;
524 3357 662 3457 quoda.
688 3357 782 3429 tato
811 3355 909 3428 edere
933 3356 1059 3452 coepit,
1081 3356 1188 3452 priore

105 3481 197 3569 >dito
213 3477 394 3570 rasitata,
418 3507 484 3581 quo
510 3483 643 3579 antiqua
666 3480 852 3552 continetur
877 3503 916 3550 ac
936 3477 1040 3549 aredio
1067 3476 1187 3549 Christi

105 3605 226 3677 sistatis
242 3606 403 3695 Historia,
423 3604 646 3705 quinquennio
666 3615 739 3701 post
758 3601 933 3699 complevit
949 3601 1062 3689 altero,
1081 3626 1188 3671 recea-

105 3751 164 3797 rem
189 3726 331 3801 habente
353 3729 438 3801 illius
459 3728 653 3816 Historiam,
676 3726 825 3824 subjecto
846 3724 1016 3797 Fosoicalo.
1053 3726 1127 3811 Quo
1145 3724 1187 3797 de

105 3875 153 3923 ere
189 3877 229 3924 ne
258 3852 406 3950 iniquum
438 3853 580 3924 seramus
611 3849 788 3947 judicium,
812 3847 1016 3920 academicae
1048 3848 1186 3922 maxime

105 3975 267 4047 titutionis
290 3974 497 4048 commodum
523 3975 737 4072 fructumque
761 3973 832 4068 ejus
857 3971 1058 4069 propositum
1086 3972 1185 4044 luisse

108 4098 184 4170 tioni
213 4099 387 4172 tenendum
415 4114 473 4172 est.
525 4099 636 4196 Atque
660 4106 812 4166 accurate
835 4092 972 4189 legenda
993 4093 1186 4165 commendo

105 4247 139 4294 ne
167 4223 299 4321 utrique
333 4222 520 4311 Fasciculo,
557 4220 733 4293 carissimos
765 4217 808 4289 ad
836 4215 1013 4314 Discipulos
1042 4216 1187 4290 oratione

105 4405 221 4414 -.—..

105 4501 140 4569 Ι1)
161 4500 233 4570 Pag.
256 4505 379 4554 24-26.
