2782 4958
129 339 191 401 Itu
617 355 772 399 uroaouuu

124 532 194 599 tur,
220 525 333 588 Jeeau.
365 524 434 586 VIII.
470 525 520 587 II.
567 524 664 599 Quum
699 523 872 607 praesertim
902 525 1034 606 utrique
1070 523 1104 585 in
1136 521 1244 586 histonii

124 640 270 703 adnitteric‘
298 638 335 702 de
357 638 481 702 crimino
507 643 711 720 quaereretur,
744 643 834 719 atque
857 637 1020 720 utrobique
1046 637 1101 719 qui
1127 637 1245 699 criminis

124 751 208 816 illius
227 753 271 817 rei
287 757 373 817 erant
387 750 621 817 absolverentur.
653 753 728 815 IIiuc
743 752 839 837 igitur
858 773 914 815 nec
932 751 1103 816 Joauueum
1122 751 1246 814 universe

126 868 324 954 Euangelium
343 889 399 932 nec
417 867 498 932 bunc
513 866 700 951 singulatur,
718 844 771 949 qui
788 865 892 931 multis
907 871 1068 951 suspectus
1087 872 1145 942 est,
1161 864 1247 930 Iocum

126 982 337 1066 Pseudojaeodo
360 984 450 1046 fuisse
472 983 612 1067 ignotum
631 981 700 1065 jure
723 981 863 1045 effeceris.

172 1211 354 1287 Liberioria,
391 1212 452 1293 qut
481 1207 592 1273 multos
623 1208 657 1273 S.
680 1209 712 1273 S.
738 1207 821 1272 locos
846 1207 896 1272 hic
920 1207 1112 1273 adumbravit
1139 1210 1248 1287 luctor,

126 1327 308 1391 imitabimur
339 1326 422 1390 vario
452 1325 485 1389 in
516 1345 626 1410 genere
652 1322 724 1389 haec
760 1323 896 1410 exempla
926 1330 999 1390 sunt
1029 1347 1065 1390 ac
1086 1327 1248 1411 specimina.

129 1443 225 1516 Quam
248 1438 354 1504 vellem
377 1445 490 1514 autem,
517 1441 579 1522 qut
597 1439 713 1504 ratione
736 1440 769 1503 in
784 1440 934 1519 praeiere
954 1439 1151 1506 historiarum
1170 1462 1250 1504 sacra·

129 1576 196 1620 rum
221 1576 279 1618 usu
301 1559 434 1618 versatus
455 1553 496 1617 sit
517 1553 618 1634 idem,
643 1553 735 1618 simili
758 1554 899 1640 quapiam
923 1555 956 1617 in
981 1552 1096 1618 tabella
1118 1553 1250 1617 lectomm

128 1678 197 1736 ante
219 1667 322 1734 oculos
344 1691 508 1754 proponere
531 1690 647 1753 possem
668 1674 757 1750 atque
788 1668 966 1732 informaret
1015 1669 1145 1744 Verum,
1170 1688 1250 1750 quum

129 1783 195 1849 Ioco
229 1806 276 1847 me
298 1783 415 1848 videam
448 1783 605 1847 exclusum
627 1805 661 1846 ac
685 1783 804 1867 spatio,
831 1782 923 1868 longe
951 1781 1074 1847 facilius
1105 1782 1184 1862 hoc,
1207 1802 1250 1845 nec

130 1900 230 1962 miuus
244 1904 339 1962 tamen
352 1898 440 1978 utile,
452 1920 577 1983 pensum
590 1897 711 1961 illorum
724 1897 956 1980 relinquendum
971 1904 1017 1963 est
1025 1898 1192 1962 industriae
1202 1899 1249 1981 (1).

131 2015 197 2088 Quo
219 2015 251 2077 in
275 2035 366 2097 penso
389 2034 450 2096 quo
473 2015 642 2078 accuratius
665 2035 699 2077 ac
715 2036 776 2097 quo
799 2013 977 2100 diligentius
1000 2016 1111 2080 versati
1133 2015 1203 2088 sint,
1224 2035 1250 2076 eo

131 2127 242 2191 certius
273 2127 311 2190 iis
342 2128 528 2191 verissimum
550 2126 728 2211 probabitur
762 2127 1070 2193 Tischendorfii
1090 2128 1249 2212 judicium,

131 2239 184 2305 ubi
199 2239 271 2305 libri
293 2239 326 2304 in
342 2240 441 2304 fronte
455 2239 659 2304 illustrissimo
677 2263 745 2305 eum
768 2241 949 2307 inscribebat
964 2241 1247 2320 Falkensteniq

133 2359 164 2418 et
186 2353 242 2418 alia
265 2360 296 2418 et
318 2353 391 2419 haec
413 2355 555 2439 professi:
581 2355 728 2435 »Iraruss‘
751 2357 873 2439 inquit,
904 2358 954 2420 »iu
981 2358 1157 2443 apocryphis
1177 2377 1249 2420 euac-

132 2497 145 2526 u
152 2470 244 2551 aetite
261 2469 388 2548 optimae
397 2469 505 2557 feracia
524 2478 569 2533 eet
591 2470 668 2554 quod
688 2469 821 2534 diuinam
840 2472 1040 2536 canonicorum
1061 2471 1250 2536 caterinae

132 2607 240 2668 »qaum
259 2585 372 2647 caturci
396 2591 456 2646 taem
484 2584 617 2648 aurata
634 2586 693 2647 aad
709 2592 890 2660 aestuant,
917 2585 1096 2667 itureamque
1104 2583 1252 2670 fidenati

133 2696 284 2773 »ipsoram
294 2697 445 2782 fatuitate
463 2698 575 2779 eqreqie
592 2703 765 2782 confirmarat
774 2725 786 2773 ;
811 2700 887 2782 quod
906 2706 940 2762 ui
962 2699 1075 2762 noctua
1094 2699 1251 2776 imperita

135 2812 246 2874 »multi
267 2813 345 2873 male
370 2811 521 2893 iuuerunt,
545 2811 591 2874 ua
601 2812 670 2894 jam
692 2811 834 2874 traaas
851 2816 881 2874 et
905 2811 1114 2874 Tertullianus
1136 2812 1253 2874 luculu-

135 2929 204 2986 »ter
227 2921 465 3000 probauerant.”
491 2960 530 2972 —
557 2926 632 2987 Haec
663 2923 1015 3001 Tischendorfius;
1044 2924 1174 3008 acnjus
1195 2943 1255 2986 con·

134 3037 246 3100 stantib
269 3035 416 3101 laudandi
440 3045 470 3100 et
492 3037 625 3113 solertiis,
651 3039 683 3101 in
706 3039 824 3122 antiqui
842 3037 923 3103 orbis
945 3038 1086 3102 eruendis
1110 3038 1256 3102 emendan-

133 3150 239 3233 disque
270 3156 300 3215 et
322 3149 511 3236 publicandis
541 3154 745 3217 monumentis
766 3153 831 3216 sine
856 3153 1078 3218 intermissione
1102 3152 1256 3226 collocata,

135 3265 258 3348 hujusce
282 3265 438 3329 exordium
461 3266 604 3330 duximus
627 3264 792 3329 relationis.
830 3267 889 3330 Nec
910 3266 1026 3330 minore
1047 3266 1185 3350 profecto
1201 3266 1259 3349 jure

134 3379 166 3441 in
191 3378 247 3443 luto
269 3377 445 3464 singulatim
468 3381 704 3444 commendanda
727 3381 915 3458 desinemus,
940 3401 1031 3465 quam
1053 3381 1082 3444 ei
1107 3380 1259 3460 debemus,

136 3494 272 3577 Euaaqq.
303 3517 400 3573 apocr.
427 3495 574 3560 editione.
620 3497 652 3559 In
684 3498 745 3579 qut
776 3494 863 3580 plura
891 3494 1040 3580 praestitit
1065 3515 1102 3558 ac
1125 3494 1260 3572 meliora,

136 3630 225 3691 quam
258 3607 295 3673 ab
327 3629 363 3672 eo
397 3610 511 3693 requiri
533 3614 714 3694 potuerant,
739 3609 809 3692 qui,
832 3609 937 3674 eodem
959 3609 1020 3673 lere
1041 3614 1202 3695 tempore,
1225 3610 1264 3672 tot

136 3721 193 3786 alia
221 3744 315 3805 eaque
344 3729 404 3789 tam
429 3726 543 3790 diuersa
567 3726 691 3790 Critioes
712 3746 835 3791 munera
858 3731 979 3790 strenue
1002 3723 1115 3789 obiret.
1166 3726 1263 3788 Vereor

169 3965 203 4024 (l)
222 3963 279 4013 Hoc
297 3978 377 4014 uuum
396 3964 436 4014 blo
454 3966 577 4029 attingere
592 3964 676 4028 juvat.
696 3965 812 4015 Mirificis
825 3965 855 4015 de
869 3963 965 4016 Christi
975 3963 1104 4014 natalibus
1116 3975 1183 4026 qnae
1195 3959 1264 4010 refert

133 4056 304 4120 Protouang.;
323 4057 428 4106 omniuo
447 4071 476 4105 ea
494 4057 571 4106 simili
589 4071 647 4105 curn
666 4058 812 4105 narratione
830 4055 1000 4120 comparanda
1018 4060 1089 4112 sunt,
1115 4067 1194 4116 quam
1211 4063 1263 4114 pro·

133 4150 205 4204 didit,
226 4147 287 4214 Cap.
306 4149 355 4206 XI,
374 4147 474 4198 Jeeotoe
491 4144 697 4207 Ἀναβατικόν.
733 4148 804 4198 liaeo
823 4149 889 4197 enim
916 4145 1037 4196 Matthaei
1057 4145 1089 4206 (Ι.
1113 4151 1150 4194 18.
1172 4149 1210 4194 19.
1227 4147 1262 4192 ut.

136 4245 177 4296 25)
196 4257 229 4291 cx
247 4243 317 4290 fonte
335 4243 426 4291 hausta
444 4256 499 4292 esse
524 4243 631 4306 ejusque
653 4243 731 4305 Igitur
755 4241 831 4290 fidem
849 4240 1008 4299 confirmare,
1036 4247 1105 4290 recte
1131 4238 1217 4287 docuit
1235 4231 1263 4282 n.

135 4335 302 4394 Jolowica,
322 4337 348 4384 in
366 4336 444 4386 libror
465 4334 513 4383 Die
535 4332 707 4398 Hiurmelfuirrt
729 4349 752 4381 u.
781 4331 862 4382 Vieion
884 4331 925 4382 dea
943 4331 1038 4396 Propi.
1062 4329 1132 4388 Jee,
1156 4345 1202 4380 aus
1220 4325 1262 4377 dem

136 4428 205 4478 Aetli.
224 4444 246 4476 u.
264 4427 318 4477 Lat.
338 4452 369 4462 --
386 4427 502 4477 iibereeIzt
518 4444 540 4476 u.
560 4444 582 4477 s.
601 4443 630 4476 w.
649 4425 732 4490 Ler'pu.
755 4431 826 4475 1854.
