2782 4958
122 324 165 384 48
610 336 770 381 ursroauu

124 505 227 572 verbis
249 505 468 591 subjiciendam
490 527 554 569 esse
570 505 754 569 monuimus.
792 501 926 580 Verum,
939 523 979 565 ne
993 501 1067 566 alias
1082 523 1267 582 memorem,

124 643 200 706 quae
222 621 579 686 Schulteusianam
601 617 679 682 hano
701 618 848 683 rationem
870 620 1028 702 premunt,
1053 615 1265 698 difficultates,

125 793 210 858 notio
232 791 332 857 obstat
353 790 438 857 verbi
465 809 542 885 cup,
573 788 674 873 quod,
705 787 814 852 collato
836 786 969 852 Arabico
998 735 1109 872 oble,
1145 808 1273 874 semper

126 910 173 970 est
195 912 344 988 aversari,
370 907 557 972 abominari.
605 905 696 977 Quod
725 904 798 969 olim
826 925 883 969 nos
918 904 1074 970 docentem
1098 903 1204 970 audivi
1230 902 1267 967 J.

125 1021 167 1086 H.
192 1020 419 1094 Paravium,
445 1020 532 1104 cujus
555 1018 763 1103 Praeceptoris
785 1018 940 1083 doctrinae
963 1023 1052 1103 atque
1074 1018 1268 1083 institutioni

126 1139 238 1219 quanta
261 1133 405 1210 debeam,
433 1154 585 1217 nunquam
608 1131 782 1198 obliviscar.

170 1249 265 1312 Plane
295 1248 414 1312 diversa
443 1249 559 1312 ratione
589 1256 658 1334 post
688 1248 761 1313 alios
791 1247 1192 1312 Van-Der·Palmius
1221 1247 1265 1311 ita

128 1361 260 1427 absolute
284 1362 401 1425 dictum
422 1366 508 1446 putat
530 1359 668 1437 verbum,
688 1366 801 1427 utnon
819 1365 916 1449 magis
936 1362 1155 1449 superioribus,
1175 1384 1264 1448 quam

127 1472 341 1557 sequentibus,
366 1494 443 1538 nexa
465 1473 652 1557 desperantis
674 1496 733 1540 vox
758 1476 815 1545 sit:
835 1476 986 1562 fastidio,
1005 1479 1141 1541 omnium
1160 1499 1263 1542 rerum

130 1608 178 1651 me
201 1608 317 1651 nausea
341 1587 431 1672 cepit.
477 1585 593 1651 Verum
623 1586 697 1653 haec
726 1589 817 1654 etiam
845 1590 915 1654 usui
937 1589 1081 1675 loquendi
1104 1611 1169 1655 non
1193 1591 1263 1655 satis

132 1701 293 1765 convenire
315 1701 436 1766 videtur
459 1701 681 1785 interpretatio.
755 1752 758 1760 „

174 1815 258 1882 Alias
282 1815 410 1881 aliorum
433 1817 565 1881 rationes
587 1838 651 1880 esse
674 1817 822 1881 nouimus.
856 1817 915 1881 Sed
935 1817 1071 1881 omnium
1089 1819 1205 1901 optima
1221 1819 1263 1883 vi·

130 1930 220 1996 detur
252 1953 287 1995 ac
310 1930 474 2004 facillima,
508 1951 609 2015 quam,
631 1936 793 2014 praeeunte
815 1931 1026 1995 Piscatore
1049 1934 1080 1993 et
1101 1930 1261 2011 Versione,

131 2066 148 2107 a
171 2042 354 2109 Reformatis
376 2044 579 2108 Nederlandis
605 2043 726 2129 publice
754 2048 893 2130 receptu,
925 2044 1265 2131 Heiligstedtius

131 2158 326 2223 commendat
348 2162 379 2221 et
401 2158 620 2235 Hirzelius,
646 2164 682 2223 ut
704 2160 744 2225 sit
767 2176 855 2226 ’nuru
878 2180 1001 2224 aversor
1025 2159 1065 2224 ab
1087 2159 1165 2240 illis,
1193 2161 1265 2225 ossi·

131 2272 185 2338 bus
206 2274 368 2349 nimirum,
401 2274 539 2359 proxime
569 2274 762 2354 memoratis,
790 2272 823 2336 id
847 2276 893 2336 est
915 2294 932 2336 a
955 2294 1097 2357 corpore,
1122 2294 1213 2338 carne
1236 2278 1266 2337 et

131 2397 201 2452 cute
223 2387 339 2452 nudato
361 2391 450 2470 atque
474 2386 511 2451 ab
536 2385 733 2471 elephantiasi
756 2388 887 2471 turpiter
909 2386 1041 2451 foedato.

174 2614 232 2678 Sed
257 2613 330 2678 haec
352 2634 434 2678 nunc
456 2615 579 2699 quidem
612 2615 693 2679 dicta
723 2616 890 2685 sufficiant.
931 2615 979 2680 De
1002 2617 1042 2680 iis
1063 2618 1164 2694 enim,
1189 2639 1267 2703 quae

130 2729 163 2790 in
185 2726 266 2791 libro
289 2727 497 2791 desiderentur
518 2733 571 2791 aut
601 2728 700 2792 minus
722 2727 874 2812 probanda
896 2707 1075 2806 videantur,
1108 2735 1178 2815 post
1197 2705 1268 2816 jure

131 2839 343 2926 reprehensam
359 2862 375 2903 a
395 2841 455 2904 Sti
465 2841 510 2907 ok
520 2840 598 2905 clio
621 2843 721 2906 textbs
736 2841 884 2907 Hebraici
899 2844 1036 2908 mutandi
1054 2845 1265 2930 cupiditatem,

132 2954 230 3018 denuo
255 2976 379 3020 monere
402 2955 480 3019 nihil
504 2958 624 3020 attinet.
673 2955 751 3019 (lum
775 2958 950 3041 praesertim
972 2959 1037 3023 fato
1056 2960 1119 3044 jam
1142 2942 1268 3025 functus

132 3070 173 3132 sit
196 3073 313 3134 Auctor
344 3069 598 3134 litteratissimus.
646 3070 715 3134 Nec
745 3070 820 3152 alia,
851 3078 998 3155 quantum
1023 3073 1166 3152 memini,
1190 3075 1269 3138 vitia

73 3238 76 3244 .
130 3181 217 3247 hicce
240 3183 331 3250 habet
355 3183 420 3268 ejus
442 3179 704 3267 Commentarius,
730 3185 790 3248 nisi
813 3206 889 3271 quae
914 3186 973 3271 ipsi
996 3207 1066 3250 cum
1088 3186 1267 3252 laudatissi-

133 3297 191 3361 mis
213 3297 383 3384 quibusque
405 3298 574 3382 aequalium
597 3299 630 3364 in
654 3299 712 3363 hoc
728 3321 837 3384 genere
857 3299 1010 3383 operibus,
1031 3305 1086 3365 aut
1101 3307 1182 3366 certe
1197 3294 1267 3368 cnm

132 3410 282 3498 plerisque
305 3413 397 3497 hujus
420 3408 601 3480 Eccdiridii
623 3413 763 3498 partibus
786 3414 957 3480 communia
979 3418 1052 3478 sunt
1076 3415 1132 3499 (l).

136 3605 291 3617 Ἢ

169 3735 209 3799 (l)
221 3733 268 3786 His
285 3739 380 3788 dudum
393 3739 493 3804 scriptis
509 3744 586 3804 atque
601 3739 705 3791 editioni
717 3741 770 3792 fere
786 3742 891 3806 paratis,
908 3741 1043 3792 Eualdii
1058 3755 1194 3792 censuram
1206 3741 1267 3806 legi,

133 3841 210 3890 quom
222 3829 462 3894 nuperrimeqaarld
476 3832 570 3893 Parte,
587 3847 611 3882 a.
627 3836 792 3887 1851-1852
806 3823 997 3902 complectente,
1015 3838 1153 3900 depromsit
1169 3837 1267 3901 operis:

132 3916 221 3969 Jahrb.
236 3919 279 3969 der
295 3920 350 3972 sibl.
371 3921 553 3989 Wissensclsafl.
587 3925 638 3977 Ubi
653 3923 837 3978 Hirzelium
853 3929 1001 3994 Interpretis
1014 3929 1115 3979 muneri
1127 3921 1180 3978 no'n
1198 3930 1270 3978 satis·

134 4012 222 4064 fecisse
236 4018 381 4079 contendit,
399 4025 474 4083 atque
493 4018 745 4069 Olshausenium
762 4019 849 4083 igitur,
865 4034 941 4084 quem
956 4021 988 4070 ab
1004 4022 1121 4070 acumine
1137 4020 1224 4070 laudat
1238 4035 1269 4071 ac

133 4108 265 4168 doctrint,
281 4116 363 4160 totum
384 4114 469 4175 potius
487 4128 551 4177 opus
571 4113 675 4162 reficere
696 4114 847 4177 oportuisse.
881 4113 959 4164 Recte
980 4120 1064 4164 tamen
1087 4115 1155 4163 hunc
1177 4114 1268 4164 fecisse

130 4210 268 4262 asseverat,
286 4203 367 4254 multa
380 4202 536 4266 Hirzelii,
552 4208 583 4256 ad
599 4203 796 4256 Grammaticam
813 4207 938 4270 imprimis
955 4207 1118 4270 pertinentia,
1140 4208 1207 4256 dicta
1227 4221 1268 4257 rc·

133 4293 272 4356 fingentem
285 4303 361 4361 atque
378 4300 567 4361 emendantem,
585 4315 632 4349 nec
650 4299 732 4349 textui
749 4299 920 4350 Masorethico
936 4301 1062 4350 serviliter
1079 4314 1105 4348 se
1121 4300 1270 4363 mancipan-

136 4393 195 4434 tem.
210 4385 371 4452 Quamquam
387 4392 533 4444 audaciores
547 4392 684 4443 nonnullas
698 4392 789 4444 leniter
805 4393 965 4457 reprehendit
979 4391 1033 4456 ejus
1049 4390 1217 4455 conjecturas.
1236 4417 1268 4429 -
