2782 4958
555 358 596 400 un
617 356 814 400 aornnnnsro.
1207 332 1249 396 55

121 546 159 594 ac
185 522 312 611 doctae,
335 522 548 596 subtilitatem
576 537 609 596 et
635 522 786 622 pietatem
821 520 924 620 ipsius
953 519 1147 594 narrationis
1170 546 1249 618 per·

119 645 277 744 spicuitas
292 645 417 720 accedit
435 671 474 718 ac
492 645 600 719 nativa
621 644 782 745 quaedam
801 645 922 741 gratia,
939 644 1074 744 simplem
1090 644 1251 716 munditiis

118 766 192 855 illa,
214 793 300 868 quaa
320 793 385 841 non
410 768 525 842 ductos
545 768 669 858 solum,
693 767 751 841 sed
775 767 924 840 indoctos
945 767 1041 841 etiam
1062 766 1181 840 blanda
1201 766 1250 838 al-

117 887 187 961 licit
213 889 360 964 lectores.
412 892 575 979 Quocirca
596 916 699 989 quos,
722 892 876 964 historico
899 889 1030 989 quidem
1053 891 1085 962 in
1111 914 1246 987 genere,
1302 982 1305 987 q

117 1010 198 1085 huic
221 1013 429 1113 aequiparem
455 1040 637 1114 perpaucos
659 1015 787 1088 invenio
814 1014 932 1100 libros,
962 1039 1046 1114 quos
1069 1013 1247 1110 praeferam

116 1135 171 1206 rix
197 1135 288 1209 ullos

169 1503 269 1592 Huic,
294 1502 335 1577 de
354 1509 420 1603 qua
440 1503 599 1593 diximus,
621 1504 885 1577 commentationi
904 1506 1051 1603 proxime
1068 1527 1249 1578 connexum

117 1637 170 1698 est
205 1627 342 1725 ejusque
370 1628 557 1716 continuat,
590 1627 659 1727 ipso
693 1640 775 1700 teste
802 1628 968 1716 Auctore,
1002 1640 1249 1725 argumentum,

118 1748 260 1847 quodsi
285 1750 426 1848 subjecit
442 1751 536 1848 Opus
559 1763 659 1848 atque
680 1749 922 1855 inscribendum
945 1751 1089 1824 curavit:
1116 1750 1252 1848 Relipio·

116 1872 167 1944 ais
202 1886 293 1970 atque
326 1873 488 1945 Ecclesiae
526 1871 726 1946 Christianae
760 1875 794 1944 in
818 1873 1042 1946 Nederlaadid
1072 1874 1251 1944 cmutitutae

118 2021 177 2092 per
201 1995 343 2068 Modiam
368 1994 489 2070 Aenum
513 1995 646 2068 deducta
670 1997 815 2068 Historia
836 1996 897 2093 (l).
938 1997 1020 2068 Bina
1043 1997 1146 2084 enim,
1165 2019 1251 2095 quae

122 2116 208 2190 edita
235 2132 510 2218 comparuerunt,
537 2119 637 2216 hujus
662 2119 779 2217 Operis
809 2118 983 2192 Volumina
1011 2144 1120 2192 rerum
1147 2118 1251 2217 patria

124 2239 152 2312 in
181 2239 333 2314 Ecclesia
365 2256 529 2339 gestarum
559 2242 676 2330 telam,
703 2268 769 2341 quo
801 2242 872 2314 loco
899 2267 918 2314 a
945 2241 1076 2315 laudata
1105 2240 1252 2338 deposita

123 2378 192 2438 arat
220 2368 507 2453 commentatione,
533 2363 694 2437 narrando
717 2389 788 2438 eam
819 2364 1015 2462 suscipiunt,
1046 2389 1105 2463 per
1126 2377 1249 2462 septem

123 2501 255 2576 octova,
283 2513 368 2587 quae
396 2487 550 2587 deinceps
578 2500 691 2561 secuta
714 2500 808 2575 suut,
833 2487 945 2560 secula
968 2487 1176 2575 continuant,
1200 2499 1251 2560 at-

122 2637 185 2712 que
209 2611 255 2683 ibi
279 2611 411 2684 demum
437 2626 512 2710 apte
532 2610 721 2698 terminant,
749 2610 824 2699 ubi,
843 2609 944 2682 seculi
965 2612 1043 2684 XVI
1064 2623 1156 2709 parte
1178 2636 1251 2708 pos-

119 2733 256 2822 teriore,
281 2739 336 2821 aa,
369 2738 435 2832 qua
466 2734 575 2806 adhuc
602 2733 774 2821 utebatur,
804 2735 998 2806 auctoritate
1024 2737 1164 2833 primum
1189 2734 1250 2807 de-

116 2857 305 2932 fraudatum
326 2857 472 2932 videmus
492 2858 699 2958 eundemque
718 2857 867 2930 ultimum
887 2856 950 2930 latc
969 2860 1110 2957 patentis
1121 2857 1251 2932 Rheno

116 3059 270 3070 Μ

116 3226 147 3280 p.
170 3212 234 3274 tat,
254 3206 290 3261 de
309 3204 482 3261 wilfrido
504 3204 643 3270 dicuntur,
662 3220 711 3275 per
728 3201 901 3274 tempestatis
922 3199 1123 3256 vehementiam
1146 3198 1174 3252 in
1190 3199 1251 3253 Fri·

119 3307 190 3360 siam
210 3303 316 3359 delato.

157 3403 242 3470 Quod
259 3403 396 3475 reliquum
411 3411 464 3469 est,
484 3420 517 3457 ne
530 3401 622 3473 justas
640 3402 685 3456 hlc
701 3408 825 3473 repetam
842 3400 948 3468 laudes,
971 3417 1050 3472 quas,
1068 3408 1133 3453 orat.
1149 3405 1250 3468 parerat.

119 3523 149 3577 p.
173 3510 220 3572 26,
241 3503 377 3559 Diestii
397 3502 559 3574 Largiou
580 3502 644 3556 dedi
671 3500 914 3568 commentationi,
943 3498 1118 3554 nuncetiam
1137 3497 1252 3568 dignum

119 3605 255 3676 estquod
271 3603 430 3659 consulatur
450 3605 484 3658 B.
506 3602 627 3659 Glasii
648 3601 743 3674 Opus:
767 3602 944 3658 Gesctiedaiis
960 3605 1005 3656 der
1026 3600 1120 3654 Christ.
1133 3599 1206 3653 Keria
1221 3616 1252 3652 en

123 3703 265 3758 stomata
286 3705 317 3757 de
341 3703 519 3758 Nederlaaa'ea
535 3702 594 3757 vdo'r
617 3703 657 3756 tet
673 3703 782 3770 aestipen
801 3705 846 3756 der
864 3701 1033 3768 Heraamaiaq
1052 3698 1101 3768 (L.
1123 3696 1157 3750 B.
1181 3700 1250 3748 1833

123 3804 213 3874 sqq.),
235 3802 317 3856 Tam.
340 3802 366 3856 Ι.
388 3802 422 3855 ab
443 3801 536 3856 initio.

158 3902 205 3971 (Ι)
228 3898 406 3954 Gescliedenis
432 3917 482 3953 van
505 3901 550 3954 leet
568 3902 708 3970 qaaestipde
732 3900 904 3954 Christendom
924 3917 954 3954 aa
976 3916 1026 3952 aaa
1046 3901 1076 3953 de
1100 3898 1253 3967 Olrr'stelp'lte

124 3999 195 4055 Kerlc
215 4001 243 4052 in
258 3999 420 4064 Nederlond,
431 4001 572 4068 pedurende
588 4003 619 4055 de
637 3998 851 4067 Middeleeuaoen;
863 3998 942 4070 Traj.
957 3999 994 4052 ad
1006 3999 1058 4053 Rh.
1072 4003 1153 4052 1849.
1170 4002 1251 4051 1853.

123 4116 169 4172 pp.
189 4104 244 4154 364
261 4106 290 4154 ct
307 4104 371 4152 524.
384 4099 578 4154 -Caeterum
598 4099 634 4152 ad
649 4096 865 4153 commodiorem
881 4095 981 4168 Operis
999 4115 1079 4152 usum
1095 4097 1123 4150 id
1140 4095 1252 4150 omnino

123 4198 276 4266 conducat,
308 4205 354 4265 ut,
382 4205 493 4269 praeter
522 4206 747 4269 argumentorum
772 4197 951 4267 locorumque
974 4195 1150 4260 Notationem,
1169 4210 1252 4265 quam

126 4297 235 4368 utrique
254 4295 371 4368 subjecit
390 4297 495 4351 Auctor
510 4295 663 4366 Volumini,
683 4297 820 4366 separatim
832 4297 912 4350 editas
929 4295 1075 4350 aLoctore
1094 4293 1253 4348 consulatur

126 4395 203 4451 Index
222 4395 383 4468 (Rapister),
398 4413 479 4467 quem
500 4395 611 4467 paravit
632 4397 707 4451 doct.
732 4395 761 4452 S.
784 4395 819 4450 A.
845 4395 871 4452 J.
892 4396 933 4451 de
956 4396 1096 4451 Itucver
1117 4393 1252 4449 Grono-

126 4511 214 4566 manp
236 4496 316 4568 'rraj.
337 4497 373 4551 ad
394 4497 449 4552 Rh.
474 4501 561 4564 1854,
582 4515 630 4569 pp.
652 4502 698 4553 35.
1236 4499 1243 4513 ‘
