2782 4958
549 384 587 425 un
612 383 670 427 nuo
695 383 856 426 nocensne.
1199 363 1260 429 177

158 553 241 616 umeri
259 548 404 639 adjutor?
448 549 585 616 Haberet
607 573 676 615 sane
698 572 758 637 quo
782 573 813 614 se
836 548 924 614 uobis
946 549 1018 613 haec
1038 552 1260 617 eommeudaret

157 669 289 751 urentia,
310 669 336 732 si
355 667 437 732 nulla
453 667 510 731 alia
526 668 681 731 consulere
700 688 854 752 possemus
870 667 1024 730 doetrinae
1043 666 1258 732 Tullianae

154 788 339 859 monumenta,
373 804 460 868 quam
484 788 565 860 tres,
596 804 671 867 quos
701 784 875 868 attigimus,
899 783 936 847 dc
964 781 1091 846 Nature
1119 781 1258 848 Deorum

151 893 247 962 libros.
295 896 412 964 Verum
442 897 514 961 alibi
552 919 638 982 saepe
668 898 710 961 ita
741 897 817 961 dicit
844 901 897 977 ut,
936 895 1188 960 academicae
1222 898 1258 960 il·

150 1008 193 1076 lius
216 1012 302 1097 plane
331 1012 443 1077 oblitus
471 1013 667 1093 inscientiae,
691 1011 801 1095 fidem,
827 1015 888 1098 qud
911 1013 1054 1078 Divinam
1082 1019 1259 1100 agnosceret

149 1127 293 1211 Naturam,
319 1129 433 1192 sincere
455 1128 589 1213 profiteri
612 1127 757 1191 videatur.
806 1127 971 1213 Praecipua
991 1128 1090 1205 illius,
1113 1150 1188 1212 quae
1207 1128 1258 1192 hic

91 1234 94 1285 l
148 1243 169 1307 ir
183 1265 299 1308 censum
328 1245 473 1324 veniant,
499 1243 580 1307 dieta
603 1247 634 1306 et
657 1242 708 1305 alii
736 1248 952 1308 recensuerunt
974 1248 1005 1307 et
1028 1242 1258 1328 diligentissime

147 1360 176 1426 Β.
204 1360 238 1426 Ρ.
264 1380 333 1422 rau
363 1358 515 1422 Wesele
543 1356 723 1437 Scholia,
748 1359 835 1443 cujus
859 1359 896 1423 de
914 1358 971 1422 hoc
996 1363 1174 1444 argumento
1198 1358 1258 1421 dis·

91 1524 93 1529 .
148 1475 248 1538 estatio
271 1471 318 1559 (1)
344 1495 413 1558 prae
432 1475 558 1538 caeteris
577 1474 759 1539 consulenda
780 1478 837 1538 est.
887 1474 966 1538 Mihi
991 1496 1078 1551 vero,
1101 1473 1258 1539 brevitatis

148 1584 188 1651 boc
200 1590 387 1674 potissimum
406 1590 437 1652 in
456 1588 575 1653 Monito
595 1589 679 1652 valde
695 1589 842 1664 studioso,
861 1610 957 1654 unum
978 1594 1096 1654 tantum
1116 1588 1258 1655 alterum·

149 1725 190 1788 que
207 1705 305 1770 locum
331 1727 494 1770 memorare
516 1705 681 1769 suffecerit.
721 1703 845 1769 Nullam
870 1727 939 1768 sene
963 1726 1018 1768 nec
1041 1706 1258 1770 enuntiationis

149 1818 351 1906 ambiguitatem
372 1820 471 1899 hebet,
494 1842 551 1883 nec
568 1820 679 1884 mentis
699 1818 918 1883 dubitationem
940 1819 1055 1883 dictum
1074 1821 1177 1905 prodit
1192 1820 1258 1905 pul·

149 1932 320 2013 uberrimum,
344 1935 423 2020 quod
447 1936 480 1999 in
504 1940 638 1998 extremo
660 1934 790 2020 legimus
813 1936 850 1999 dr
874 1933 1073 2000 Divinatione
1095 1931 1190 1997 Libro
1214 1956 1258 1997 se·

149 2050 234 2114 raudo.
257 2050 338 2116 Ubi:
367 2052 464 2116 »Esse
478 2063 684 2137 praestantem
704 2051 873 2137 aliquam,''
892 2048 1003 2131 inquit,
1027 2059 1258 2135 »aeternamque

151 2161 350 2242 »Naturane
361 2189 427 2230 eam
439 2168 660 2252 suspiciendam
679 2167 955 2249 admirandamque
970 2163 1123 2227 bominum
1139 2164 1256 2249 paneri,

152 2279 342 2360 »pulchritudo
356 2283 466 2345 rnundi
480 2283 612 2367 ordoque
630 2303 731 2346 rerum
749 2279 916 2345 coelestium
935 2278 1012 2363 cepit
1026 2277 1160 2366 confiteri
1176 2271 1258 2361 (t).''

151 2389 185 2453 td
204 2395 319 2458 eandem
345 2401 464 2471 autem,
499 2416 586 2479 quam
610 2395 693 2473 dixi,
727 2394 816 2459 fidem
849 2391 1079 2457 confirmandam
1111 2394 1255 2476 quantum

149 2509 296 2574 monrium
326 2511 358 2572 in
389 2511 578 2595 agnoscendo
610 2511 668 2574 Dei
700 2511 834 2575 Numine
869 2508 1028 2572 consensui
1063 2503 1256 2569 tribuendum

147 2614 262 2702 luxerit,
288 2624 459 2689 luculenter
481 2646 536 2688 nos
564 2606 751 2690 Tusculanae
770 2624 879 2688 docent
902 2624 1153 2707 Disputationes,
1180 2618 1253 2683 ubi:

147 2732 376 2807 ‘Firmissimum
398 2741 451 2806 boe
474 2739 583 2825 afferri
605 2742 757 2821 uidetur,”
775 2741 818 2828 ait
837 2743 973 2819 Auctor,
1000 2762 1073 2804 »cur
1094 2736 1177 2802 Deua
1196 2757 1256 2801 esse

146 2858 321 2934 metamus,
348 2859 428 2943 quod
450 2856 534 2921 nulla
560 2879 631 2943 pens
653 2866 715 2919 tam
734 2855 830 2941 sera,
860 2877 945 2921 nemo
973 2855 1109 2919 omnium
1132 2864 1196 2916 tam
1218 2854 1257 2915 sit

145 2965 303 3052 ‘immania
329 2976 410 3060 cujus
433 2980 558 3036 mentem
582 2993 640 3035 non
658 2971 799 3035 imbuerit
817 2969 956 3035 Deorum
977 2971 1090 3054 opinio.
1116 3006 1157 3014 -
1183 2966 1255 3032 Om-

144 3101 200 3151 ’ἤιε
217 3109 277 3153 esee
305 3087 372 3150 Vim
393 3097 420 3151 et
432 3086 589 3150 Naturam
605 3084 754 3150 Divinam
772 3086 973 3149 arbitrantur.
989 3121 1030 3129 -
1049 3081 1140 3147 Omni
1159 3093 1258 3146 eutem

160 3450 191 3512 (l)
210 3451 272 3500 vid.
290 3451 345 3514 ejus
361 3450 418 3501 diss.
434 3451 521 3501 Prees.
536 3450 785 3517 Wyttenbachio
803 3452 912 3509 defensa,
930 3451 959 3498 de
976 3448 1071 3498 Plrilos.
1090 3446 1256 3496 Ciceronianae

132 3538 183 3603 bro,
206 3545 249 3609 qui
270 3552 306 3593 est
327 3544 355 3593 de
373 3542 472 3595 Natant
490 3544 596 3604 Diuind,·
620 3546 705 3596 Amst.
728 3548 801 3595 178³.
835 3543 917 3600 Hane,
938 3556 1003 3607 quae
1025 3543 1107 3590 rarior
1128 3553 1197 3588 nunc
1218 3545 1256 3588 est

130 3642 196 3702 atque
215 3637 247 3686 ab
266 3638 393 3699 elegantia
410 3645 435 3686 et
452 3638 525 3700 cepit
542 3639 749 3695 commendanda,
769 3637 970 3686 dissertationem
992 3633 1138 3696 singulatim
1160 3642 1255 3680 memo·

126 3733 225 3781 modam
242 3730 394 3780 existimavi.
418 3756 450 3765 —
473 3731 547 3780 Alios
566 3745 636 3790 vero,
656 3745 719 3794 quos
742 3745 835 3794 paucos
857 3743 918 3778 mox
939 3743 972 3777 ex
995 3729 1081 3778 multis
1104 3727 1254 3784 nominabo,

124 3824 257 3888 scriptores
275 3830 391 3873 accurate
410 3820 591 3872 Oreuuerus
610 3823 737 3881 laudavit,
760 3823 786 3871 in
806 3822 978 3871 eruditissima
997 3823 1028 3869 ad
1047 3817 1113 3870 Cic.
1137 3817 1165 3867 de
1188 3815 1254 3868 Nat.

122 3911 225 3962 Deorum
245 3913 277 3962 L.
295 3915 343 3963 ΙΙΙ,
362 3913 392 3965 0.
417 3921 449 3964 40
468 3918 639 3966 annotatione.
674 3915 799 3976 Quocirca
819 3916 894 3975 mihi,
913 3915 945 3963 ad
967 3915 1041 3963 finem
1062 3913 1179 3977 opusculi
1195 3926 1256 3975 pro·

122 4007 220 4071 paranti
236 4022 283 4056 nec
303 4022 402 4070 semper
417 4016 596 4059 annotatorum
618 4009 779 4059 multitudine
797 4009 890 4071 scripta
907 4021 1013 4056 onerare
1030 4006 1134 4062 volenti,
1152 4006 1178 4053 in
1191 4006 1256 4066 vaga

123 4100 354 4164 minusqueplent
373 4113 461 4149 eorum
477 4101 622 4150 laudatione
641 4101 799 4165 acquiescere
821 4101 959 4164 permittes.

155 4193 196 4253 (2)
214 4192 272 4242 Hoc
289 4207 347 4242 oum
364 4193 421 4242 loeo
440 4195 543 4243 omnino
560 4193 713 4244 conferenda
730 4201 790 4244 sunt
808 4209 872 4258 quae
890 4194 921 4243 de
938 4194 1026 4242 mundi
1048 4194 1135 4241 ordine
1152 4205 1181 4240 ac
1199 4190 1257 4253 pul-

126 4286 275 4345 chritudIne,
295 4286 327 4334 ed
345 4286 467 4337 Divinam
485 4291 668 4351 agnoscendam
687 4287 812 4338 Naturam
830 4304 876 4339 nos
894 4288 1049 4351 impellente,
1071 4285 1137 4333 dicta
1156 4289 1258 4332 exstant

124 4376 147 4427 iu
163 4385 225 4428 crat.
241 4394 287 4442 pro
301 4377 466 4444 Haruspicum
484 4381 618 4446 responsis,
638 4379 726 4445 Capu
748 4383 779 4443 (si
798 4396 918 4445 germana
936 4381 997 4429 haec
1014 4385 1052 4427 est
1067 4376 1156 4438 oratio)
1170 4384 1194 4424 et
1211 4389 1256 4439 pra

128 4465 225 4531 Milone,
246 4469 308 4536 Cap.
330 4477 368 4521 ³0.

1095 4570 1134 4628 lt
