2782 4958
630 114 810 163 retorsere.
880 82 886 87 ’
1223 96 1284 161 151

132 283 341 350 nobilitatum
364 284 528 380 dubitares.
567 286 611 350 Et
632 306 705 350 vero
729 308 801 364 uos,
824 285 880 370 qai
901 282 938 348 de
956 304 1051 369 nuper
1071 283 1281 349 defunctorum

129 401 327 464 Germaniae
345 399 569 485 theologorum
587 401 636 464 vel
654 400 802 465 celebratt
824 400 872 464 vel
889 398 1029 484 neglecte
1046 400 1191 464 memorii
1209 419 1282 482 pau·

127 514 184 578 cis
209 534 335 578 narrare
358 517 567 592 instituimus,
593 519 718 581 eatenus
741 520 914 580 esttecum
946 506 1181 578 De·Wattio
1211 513 1281 578 Ne·

124 627 328 705 andrum,
354 629 406 711 qui
430 629 481 690 vix
504 628 585 692 ultra
607 629 678 691 anni
701 629 832 712 spatium
856 622 900 691 illi
923 628 1083 713 superfuit,
1109 648 1280 712 comparare

121 761 318 826 possumus,
343 745 493 824 quatenus
517 743 675 826 utriusque
699 741 808 807 obitus·
823 749 885 807 tam
907 761 1016 828 gravas
1034 743 1199 808 multorum
1217 744 1281 808 luo·

122 861 190 918 tus
215 857 352 940 peperit,
386 862 447 920 tam
478 859 650 941 frequentes
678 877 712 921 ao
738 864 800 922 tam
829 860 956 925 disertas
977 860 1109 945 plurium
1133 880 1221 926 voces
1244 862 1280 926 ad

123 969 321 1053 parentundi
343 970 475 1034 officium
498 970 671 1035 obeundum
694 970 849 1058 impulit,
865 965 954 1060 quam
977 975 1091 1039 nullius
1113 975 1200 1039 facile
1223 996 1279 1039 cu·
1369 1019 1371 1023 -

119 1082 303 1166 jusquam,
329 1085 381 1167 qni
405 1104 501 1170 nuper
525 1106 561 1149 ex
585 1088 650 1150 vita
673 1088 867 1172 migraverit,
889 1087 1049 1174 Theologi.

185 1194 307 1266 Verum
330 1199 367 1263 de
390 1199 585 1277 Noenum,
610 1202 642 1264 in
666 1201 753 1284 cujus
776 1201 883 1266 funera
901 1201 1039 1287 lugendo
1060 1202 1154 1285 major
1174 1203 1276 1277 etiam,

119 1334 232 1397 quam
261 1315 294 1377 in
324 1313 577 1390 De-Wettio,
610 1314 780 1398 aequalium
804 1315 942 1398 apperuit
964 1332 1149 1392 consensus,
1176 1320 1279 1380 utrum

126 1428 244 1491 dicere
267 1428 365 1513 magis
394 1427 470 1492 mihi
494 1429 644 1514 expediat,
680 1450 717 1493 an
740 1430 829 1494 silere
852 1429 984 1495 dubitari
1007 1436 1115 1516 potest.
1156 1431 1204 1495 De
1226 1430 1279 1494 tali

123 1543 224 1605 euim
242 1542 304 1606 ‘hoc
327 1540 404 1606 Viro
428 1544 454 1606 si
477 1543 526 1607 vel
549 1543 651 1608 sileam
675 1545 722 1608 vel
745 1544 872 1609 aliorum
889 1546 1006 1629 judicia
1024 1546 1105 1609 nude
1124 1564 1277 1630 reponam,

124 1658 396 1741 ααλοκᾳγαθίας
425 1659 507 1721 omni
536 1680 626 1722 sensu
657 1660 822 1724 destitutus
852 1680 932 1735 esse,
956 1664 1010 1723 aut
1032 1665 1114 1724 certo
1137 1660 1172 1723 ad
1196 1664 1280 1723 tanta

124 1771 205 1854 ojus
229 1773 338 1835 merita
359 1773 472 1858 frigere
493 1773 608 1836 videar.
657 1778 710 1850 at,
738 1775 765 1836 si
784 1773 897 1849 dicam,
916 1774 1079 1836 verendum
1104 1777 1150 1835 est
1169 1794 1208 1836 ne
1232 1772 1279 1837 vel

124 1883 307 1949 lectoribus
337 1907 400 1950 non
427 1887 622 1964 satisfaciam,
651 1887 697 1951 vel
729 1886 805 1951 mihi
833 1887 1005 1972 displiceam
1029 1888 1104 1971 ipse.
1153 1886 1277 1951 Etenim

131 2006 202 2064 taur
225 2001 323 2086 ampla
345 2003 405 2068 fuit
428 2025 462 2065 ec
484 2007 545 2066 tam
569 2002 692 2088 grandis
715 2003 898 2080 multorum,
923 2003 975 2085 qui
998 2003 1147 2085 optimum
1167 2001 1277 2066 Virum

135 2116 369 2199 praedictmnt,
384 2137 443 2180 vor
462 2119 657 2202 panegyrica,
672 2123 707 2180 ut
727 2136 766 2180 ne
783 2114 980 2180 disertissimo
997 2114 1117 2198 quidem
1138 2113 1277 2190 Oratori,

138 2229 252 2292 nedum
275 2228 349 2292 huic
371 2228 507 2305 homiui,
531 2229 692 2313 superandi
714 2249 766 2294 eos
789 2235 844 2295 aut
861 2228 1065 2313 consequendi
1086 2248 1168 2312 spem
1184 2228 1277 2294 relin·

141 2347 280 2424 querunt.
322 2341 391 2405 Nec
413 2360 485 2406 vero
508 2343 553 2405 ita
574 2343 649 2408 mihi
670 2344 770 2408 deesse
786 2345 877 2410 velim
900 2366 934 2408 ac
954 2344 1175 2429 displicerent,
1196 2360 1278 2428 mags

142 2458 188 2520 ais
208 2459 243 2521 iu
266 2457 354 2521 Viris
371 2459 473 2521 omnia
488 2457 562 2521 'sine
581 2459 759 2543 exceptione
777 2459 916 2536 laudans,
940 2460 1076 2524 homiues
1096 2479 1146 2522 eos
1168 2459 1273 2536 fuisse,

141 2573 190 2656 qui
214 2574 431 2658 uuusquisque
458 2583 637 2658 permeatur
659 2592 779 2650 maura,
808 2571 982 2649 obliviscar,
1005 2574 1052 2638 vel
1076 2574 1168 2648 adeo,
1194 2574 1276 2660 quod

141 2688 224 2771 pejus
246 2689 303 2768 sit,
324 2685 500 2772 junioribus
522 2702 622 2752 sacrae
645 2688 820 2771 disciplinae
844 2687 1012 2754 cultoribus
1032 2687 1067 2750 ad
1088 2686 1209 2751 illoram
1230 2706 1277 2753 er·

142 2821 225 2865 rores
243 2803 359 2886 potius,
383 2823 472 2885 quam
496 2802 626 2866 virtutes
641 2801 803 2866 imitandas
821 2809 926 2868 auctor
945 2805 1015 2868 sim.
1064 2803 1148 2875 Quid
1167 2804 1274 2867 faciam

142 2915 256 3000 igitur?
301 2915 455 3000 Simplicia
481 2934 554 2978 usus
581 2916 726 2978 orationis
757 2917 891 2981 modmtt
913 2919 1081 2999 tenuitate,
1115 2919 1159 2981 ita
1182 2934 1275 3002 pauoa

143 3051 177 3093 er
198 3031 304 3096 multis
326 3037 504 3096 narraturus
526 3049 610 3106 sum,
631 3037 667 3094 ut
690 3032 854 3116 plurimum
877 3032 1005 3095 alimum
1021 3032 1140 3114 jndicio
1154 3051 1201 3094 me
1220 3032 1273 3094 tri·

143 3141 232 3209 lauare
255 3154 413 3231 appareat,
446 3147 560 3231 aliquid
591 3147 683 3210 etiam
709 3148 854 3226 fortasse,
888 3145 1027 3224 silicet,
1060 3164 1142 3209 meae
1166 3144 1273 3210 huicce

142 3261 228 3325 aetati
252 3282 287 3324 ac
311 3250 472 3326 diuturnae
494 3261 677 3345 'theologiae
700 3261 870 3324 studiorum
894 3261 1113 3324 exercitationi.

179 3598 368 3664 Neauder
391 3600 503 3684 igitur,
528 3601 557 3665 d.
589 3605 628 3665 16
661 3602 799 3665 Jauuarii
829 3624 856 3665 a.
887 3600 993 3678 1789,
1021 3599 1186 3683 Gdttingae
1211 3599 1268 3663 Ju-

139 3711 216 3778 daeis
240 3735 277 3777 er
300 3713 474 3800 parentibus
497 3719 666 3792 natusest,
695 3721 785 3800 atque
807 3721 914 3779 octauo
937 3737 952 3777 a
976 3713 1125 3778 raatalihus
1148 3715 1197 3777 die
1220 3736 1269 3778 so·

139 3823 217 3889 launi
233 3827 296 3890 ritu
314 3827 523 3905 circumcisus,
548 3830 717 3893 Davidis
737 3852 849 3894 numen
870 3830 996 3913 accepit.
1025 3829 1115 3892 Pater
1131 3829 1266 3913 quidem,

139 3935 329 4018 limanuel
351 3939 525 4019 Mendel,
551 3943 641 4024 lucri,
667 3965 704 4007 er
727 3944 850 4008 foenore
879 3944 1028 4028 imprimis
1058 3943 1263 4026 comparandi,

140 4054 300 4138 cupiditate
331 4056 491 4140 gentilium
525 4060 639 4122 nemini
667 4057 801 4122 cedebat.
851 4056 951 4121 Mater
975 4077 1066 4131 vero,
1097 4055 1267 4146 Esthara

141 4167 434 4245 Gottschalkia‚
472 4172 691 4257 maguiillius
726 4170 902 4256 Philosophi
941 4168 1266 4235 Mendelssohnii
