2782 4958
610 357 772 400 ennsosnr.
1195 340 1255 402 151

123 523 271 607 quamdiu
292 528 360 608 post
382 523 490 588 Censor
513 521 622 608 aliquis
643 524 792 608 professus
815 529 860 589 est
882 545 1058 610 anonymus,
1084 547 1100 589 a
1122 524 1259 589 doctrinb

122 658 186 701 non
209 639 374 722 imparatus
395 638 455 721 (t).
504 638 545 700 Ao
574 635 686 700 similes
707 637 848 720 quasdam
881 637 1016 722 querelas
1046 660 1142 724 nuper
1175 661 1260 725 repe·

122 752 188 828 tiit,
213 751 250 816 de
273 773 378 816 comm.
403 750 533 814 referens
555 751 587 813 in
606 751 691 815 Petri
713 773 746 815 ac
768 752 867 815 Judce
890 752 1045 837 Epistulas,
1071 753 1256 818 buthard·

121 867 229 948 tius,
254 868 307 950 qui
331 887 453 953 magnas
471 865 592 950 quidem
616 863 699 928 illius
721 865 886 929 industriae
908 865 1011 931 laudes
1032 868 1176 953 impertit,
1203 890 1258 932 nec

122 985 227 1044 tamen
256 981 355 1066 ipsum
383 979 419 1045 ab
442 1001 477 1043 eo
500 977 588 1042 nobis
607 979 710 1043 referri
733 1000 767 1042 ae
791 981 895 1065 reponi
918 983 1127 1065 Meyerum,
1150 1005 1182 1046 se
1205 983 1258 1046 do·

121 1093 187 1159 lere
209 1095 359 1180 signifieat
382 1095 446 1179 (⁶2).

169 1210 280 1274 Verum
310 1209 343 1272 id
374 1209 494 1291 quidem
518 1230 571 1293 per
601 1210 643 1272 rei
668 1214 805 1273 naturam
828 1210 892 1274 fieri
919 1213 979 1273 non
1002 1215 1136 1295 poterat,
1162 1232 1259 1295 neque

124 1323 225 1408 igitur
254 1322 367 1405 requiri
398 1320 533 1386 debebat.
583 1323 684 1404 Neque
706 1324 786 1386 enim
815 1344 948 1405 unquam
971 1323 1031 1386 duo
1054 1325 1165 1408 reperti
1188 1329 1260 1388 sunt

123 1436 276 1518 homines,
301 1440 343 1502 ita
365 1437 455 1522 plane
476 1438 579 1503 eodem
599 1437 687 1503 vultu
709 1445 798 1522 atque
821 1440 924 1504 etdem
943 1441 1038 1504 totius
1058 1439 1190 1522 corporis
1210 1439 1259 1501 usi

123 1552 360 1637 temperatione,
383 1559 420 1616 ut
442 1554 521 1616 inter
543 1560 705 1636 utrumque
727 1553 806 1618 nibil
828 1555 987 1637 quiequam
1010 1554 1191 1618 discriminis
1213 1554 1259 1617 in·

122 1666 292 1731 tereederet
314 1687 369 1730 nec
391 1665 614 1752 discrepantiae.
653 1669 712 1730 Nec
734 1668 830 1752 magis
844 1666 909 1731 bini
931 1688 1057 1750 usquam
1080 1667 1260 1732 exstiterunt

123 1781 307 1864 scriptorum
343 1782 540 1864 interpretes,
576 1802 704 1864 quorum
736 1782 779 1844 sie
809 1782 911 1845 eadem
941 1786 1038 1845 essent
1067 1781 1190 1866 ingenia
1224 1803 1258 1845 ac

123 1893 222 1959 veluti
245 1893 424 1959 coaluissent
445 1896 550 1971 animi,
572 1901 608 1960 ut
630 1896 830 1979 quodcunque
855 1895 916 1970 bic,
942 1895 1022 1958 idem
1044 1892 1096 1957 ille
1119 1896 1255 1970 sentiret,

123 2009 285 2095 cogitaret,
309 2009 415 2086 vellet,
438 2011 595 2094 judicaret.
644 2011 739 2090 Quid,
765 2011 846 2094 quod
869 2009 1015 2093 ejusmodi
1038 2008 1257 2093 metamorpho-

125 2125 179 2206 sis,
203 2125 228 2188 si
251 2124 300 2189 vel
322 2125 503 2189 absurditate
527 2129 659 2201 careret,
685 2146 722 2188 ex
745 2125 907 2208 interprete
929 2123 1051 2186 simium
1074 2123 1182 2197 iaciat,
1207 2124 1258 2186 cui

125 2259 188 2301 non
221 2244 284 2303 tam
318 2239 350 2302 id
374 2239 577 2323 quaerendum
608 2240 667 2314 sit,
694 2239 767 2321 quid
798 2236 903 2301 lectori
933 2237 1131 2321 signifietrit,
1168 2257 1257 2319 quem

127 2357 256 2427 enarrat,
275 2359 391 2433 auctor,
408 2353 459 2416 sed
482 2355 594 2438 potius,
614 2352 763 2436 quomodo
780 2351 872 2433 bunc,
889 2352 922 2414 in
944 2372 1003 2435 quo
1020 2372 1113 2434 quum
1129 2353 1258 2415 maxime

126 2471 278 2542 versetur,
302 2466 403 2531 locum
425 2467 630 2552 explicaturus
659 2466 710 2532 ille
733 2468 850 2547 fuisset,
874 2489 891 2529 a
913 2486 974 2548 quo
996 2465 1131 2530 recedere
1154 2466 1255 2542 nefas,

127 2580 192 2644 dux
214 2587 245 2644 et
267 2582 419 2666 magister.
468 2583 525 2647 Sed
549 2588 733 2667 praesentem
752 2583 785 2645 in
808 2603 870 2645 rem
896 2582 1060 2645 veniamus.
1107 2581 1256 2660 Sumitur,

125 2696 159 2758 ni
181 2693 280 2771 fallor,
305 2696 337 2759 in
360 2699 408 2773 ed,
425 2718 515 2779 quam
538 2696 638 2780 attigi,
660 2695 888 2781 reprehensione
902 2695 1049 2780 perfectae
1071 2696 1142 2759 artis
1157 2717 1259 2759 exem-

125 2806 211 2893 plum
232 2807 405 2892 junioribus
428 2810 586 2894 praeivisse
610 2811 801 2887 veteranum3
826 2811 876 2874 cui
899 2831 1081 2894 consequens
1102 2810 1142 2874 sit
1163 2815 1211 2885 ut,
1232 2809 1257 2873 si

124 2919 158 2986 hi
181 2920 241 2986 vel‘
259 2922 413 2989 tantillum
437 2923 473 2988 ab
496 2923 581 2989 iliius
612 2926 726 2989 ratione
757 2944 791 2988 ac
821 2925 1037 2989 consuetudine
1060 2925 1255 3002 recesserint,

125 3057 182 3101 nec
204 3037 292 3122 plane
313 3039 427 3116 eadem,
445 3060 520 3124 quae
542 3036 630 3102 illum
646 3037 797 3102 dicturum
820 3039 911 3102 fuisse
927 3037 1080 3123 probabile
1099 3044 1155 3119 est,
1177 3039 1259 3102 dixe·

125 3149 201 3226 rint,
226 3172 262 3214 eo
284 3152 416 3216 minores
438 3173 501 3216 sese
524 3151 730 3215 demonstrent
751 3156 839 3234 atque
860 3152 1027 3216 inferiores.
1076 3153 1183 3216 Verum
1205 3174 1257 3215 ne·

126 3265 205 3328 mini
227 3266 334 3351 magis,
360 3288 447 3350 quam
472 3267 640 3331 venerando
655 3265 806 3353 Theologo
830 3270 1032 3340 Hanoverano‚
1053 3266 1129 3330 hanc
1152 3265 1257 3351 displi-

124 3379 256 3445 cituram
277 3402 338 3444 esse
362 3382 616 3464 consecutionem,
640 3383 735 3466 ipsius
758 3405 812 3446 nos
835 3383 983 3448 confidere
1002 3379 1091 3466 jubet
1113 3381 1259 3446 modestia

125 3498 157 3558 et
184 3494 342 3574 sapientia.
391 3498 487 3579 Atque
515 3501 550 3560 ut
578 3496 703 3560 candide
726 3498 807 3579 quod
838 3497 934 3561 sentio
963 3497 1079 3578 dicam,
1104 3517 1165 3559 non
1188 3500 1255 3572 tot,

124 3614 203 3692 quot
225 3610 431 3693 Meyerum,
462 3609 587 3674 subtiles
616 3612 761 3695 peperisse
793 3610 1011 3675 Hutherum
1039 3615 1128 3694 atque
1159 3615 1258 3673 acutas

124 3722 288 3787 verborum
317 3726 577 3808 interpretationes
611 3726 768 3790 affirmanti
799 3725 885 3789 facile
917 3726 1093 3790 crediderim
1123 3724 1255 3788 Censori.

125 3837 235 3902 Verum
258 3837 474 3923 qualiscunque
498 3838 547 3902 hic
571 3839 703 3904 defectus
724 3840 837 3924 insigni
859 3839 960 3923 aliquo
983 3838 1063 3904 bono
1086 3861 1258 3923 compensa·

122 3956 175 4015 tur
204 3973 238 4017 ac
261 3955 394 4031 virtute,
420 3954 551 4038 majore,
579 3957 639 4038 qut
662 3954 838 4040 plerumque
868 3956 1022 4037 cernitur,
1047 3955 1258 4040 perspicuitate

122 4147 170 4154 ..-
204 4150 207 4153 .

158 4268 197 4329 (t)
217 4267 333 4317 Laudato
351 4269 378 4317 in
396 4265 462 4316 theol.
478 4266 632 4318 Lireraturtl.
654 4273 729 4326 1853,
749 4268 794 4317 No.
818 4273 874 4316 146.

159 4359 195 4419 (2)
215 4358 275 4408 Vid.
294 4361 397 4425 copiosa
413 4363 482 4411 illius
499 4377 528 4412 ac
551 4362 618 4411 lectu
636 4362 785 4425 dignissima
803 4363 904 4420 relatio,
923 4361 949 4411 in
968 4360 1034 4411 laud.
1053 4358 1190 4410 Reuteri
1210 4357 1257 4410 ue-

120 4460 184 4518 pere.
201 4454 234 4504 ad
252 4468 286 4504 nr.
304 4454 444 4506 Novembr.
467 4461 544 4516 1855,
562 4471 587 4518 p.
606 4460 731 4506 err-127.
