<?xml version="1.0" encoding="UTF-8"?>
<!DOCTYPE html PUBLIC "-//W3C//DTD XHTML 1.0 Transitional//EN"
    "http://www.w3.org/TR/xhtml1/DTD/xhtml1-transitional.dtd">
<html xmlns="http://www.w3.org/1999/xhtml" xml:lang="en" lang="en">
 <head>
  <title>
</title>
<meta http-equiv="Content-Type" content="text/html;charset=utf-8" />
  <meta name='ocr-system' content='tesseract 3.04.00' />
  <meta name='ocr-capabilities' content='ocr_page ocr_carea ocr_par ocr_line ocrx_word'/>
</head>
<body>
  <div class='ocr_page' id='page_1' title='image "./chartaetheologi00boumgoog_0416.png"; bbox 0 0 2782 4958; ppageno 0'>
   <div class='ocr_carea' id='block_1_1' title="bbox 406 1208 821 1317">
    <p class='ocr_par' dir='ltr' id='par_1_1' title="bbox 406 1185 892 1317">
     <span class='ocr_line' id='line_1_1' title="bbox 406 1208 821 1317; baseline 0.002 -19"><span class='ocrx_word' id='word_1_1' title='bbox 406 1208 821 1317; x_wconf 84' lang='lat' dir='ltr'><strong>uournuu,</strong></span> 
     </span>
    </p>
   </div>
   <div class='ocr_carea' id='block_1_2' title="bbox 51 1449 1188 1787">
    <p class='ocr_par' dir='ltr' id='par_1_2' title="bbox 51 1449 1188 1787">
     <span class='ocr_line' id='line_1_2' title="bbox 51 1449 1188 1516; baseline -0.004 -13"><span class='ocrx_word' id='word_1_2' title='bbox 51 1454 137 1516; x_wconf 79' lang='lat' dir='ltr'><strong>QUO,</strong></span> <span class='ocrx_word' id='word_1_3' title='bbox 161 1453 230 1500; x_wconf 79' lang='lat' dir='ltr'><strong>PER</strong></span> <span class='ocrx_word' id='word_1_4' title='bbox 251 1451 435 1499; x_wconf 78' lang='lat' dir='ltr'>SUBLATAM</span> <span class='ocrx_word' id='word_1_5' title='bbox 458 1451 724 1501; x_wconf 78' lang='lat' dir='ltr'>THEOLOGORUM</span> <span class='ocrx_word' id='word_1_6' title='bbox 746 1452 795 1498; x_wconf 79' lang='lat' dir='ltr'><strong>EX</strong></span> <span class='ocrx_word' id='word_1_7' title='bbox 817 1449 956 1499; x_wconf 75' lang='lat' dir='ltr'><strong>senous</strong></span> <span class='ocrx_word' id='word_1_8' title='bbox 978 1449 1188 1500; x_wconf 76' lang='lat' dir='ltr'>AOADEMICIS</span> 
     </span>
     <span class='ocr_line' id='line_1_3' title="bbox 99 1591 1145 1652; baseline -0.002 -12"><span class='ocrx_word' id='word_1_9' title='bbox 99 1593 264 1642; x_wconf 81' lang='lat' dir='ltr'><strong>LINGUAM</strong></span> <span class='ocrx_word' id='word_1_10' title='bbox 278 1593 451 1652; x_wconf 79' lang='lat' dir='ltr'><strong>LA&#39;HNAM,</strong></span> <span class='ocrx_word' id='word_1_11' title='bbox 472 1592 568 1649; x_wconf 81' lang='lat' dir='ltr'><strong>Quam</strong></span> <span class='ocrx_word' id='word_1_12' title='bbox 582 1592 715 1641; x_wconf 79' lang='lat' dir='ltr'>SAGRAE</span> <span class='ocrx_word' id='word_1_13' title='bbox 729 1591 947 1640; x_wconf 67' lang='lat' dir='ltr'><strong>meorumnam</strong></span> <span class='ocrx_word' id='word_1_14' title='bbox 962 1591 1145 1643; x_wconf 75' lang='lat' dir='ltr'>SPERANDA</span> 
     </span>
     <span class='ocr_line' id='line_1_4' title="bbox 357 1729 898 1787; baseline 0 -11"><span class='ocrx_word' id='word_1_15' title='bbox 357 1729 409 1776; x_wconf 84' lang='lat' dir='ltr'><strong>SIT</strong></span> <span class='ocrx_word' id='word_1_16' title='bbox 431 1730 641 1779; x_wconf 77' lang='lat' dir='ltr'>PROGRESSIO</span> <span class='ocrx_word' id='word_1_17' title='bbox 663 1730 898 1787; x_wconf 84' lang='lat' dir='ltr'>DISQUIRITUR.</span> 
     </span>
    </p>
   </div>
   <div class='ocr_carea' id='block_1_3' title="bbox 524 2037 726 2062">
    <p class='ocr_par' dir='ltr' id='par_1_3' title="bbox 524 2037 726 2062">
     <span class='ocr_line' id='line_1_5' title="bbox 524 2037 726 2062; baseline -0.005 -9"><span class='ocrx_word' id='word_1_18' title='bbox 524 2037 726 2062; x_wconf 46' lang='grc' dir='ltr'><strong>...ψω-</strong></span> 
     </span>
    </p>
   </div>
   <div class='ocr_carea' id='block_1_4' title="bbox 104 2281 1191 2420">
    <p class='ocr_par' dir='ltr' id='par_1_4' title="bbox 104 2281 1191 2420">
     <span class='ocr_line' id='line_1_6' title="bbox 104 2281 1191 2420; baseline 0.004 -24"><span class='ocrx_word' id='word_1_19' title='bbox 104 2281 215 2400; x_wconf 82' lang='lat' dir='ltr'><strong>Nulla</strong></span> <span class='ocrx_word' id='word_1_20' title='bbox 236 2335 323 2402; x_wconf 85' lang='lat' dir='ltr'><strong>facile</strong></span> <span class='ocrx_word' id='word_1_21' title='bbox 346 2337 455 2401; x_wconf 79' lang='lat' dir='ltr'>certior</span> <span class='ocrx_word' id='word_1_22' title='bbox 478 2357 512 2400; x_wconf 85' lang='lat' dir='ltr'><strong>ao</strong></span> <span class='ocrx_word' id='word_1_23' title='bbox 533 2312 675 2420; x_wconf 72' lang='lat' dir='ltr'><strong>palatior,</strong></span> <span class='ocrx_word' id='word_1_24' title='bbox 701 2337 761 2418; x_wconf 77' lang='lat' dir='ltr'><strong>qut</strong></span> <span class='ocrx_word' id='word_1_25' title='bbox 783 2333 940 2419; x_wconf 85' lang='lat' dir='ltr'><strong>permultis</strong></span> <span class='ocrx_word' id='word_1_26' title='bbox 962 2355 1043 2399; x_wconf 91' lang='lat' dir='ltr'><strong>nuno</strong></span> <span class='ocrx_word' id='word_1_27' title='bbox 1064 2339 1095 2400; x_wconf 87' lang='lat' dir='ltr'><strong>te</strong></span> <span class='ocrx_word' id='word_1_28' title='bbox 1110 2354 1191 2401; x_wconf 89' lang='lat' dir='ltr'><strong>oom-</strong></span> 
     </span>
    </p>
   </div>
   <div class='ocr_carea' id='block_1_5' title="bbox 16 2449 1201 4484">
    <p class='ocr_par' dir='ltr' id='par_1_5' title="bbox 16 2449 1198 3911">
     <span class='ocr_line' id='line_1_7' title="bbox 60 2449 1193 2536; baseline 0.002 -24"><span class='ocrx_word' id='word_1_29' title='bbox 60 2450 202 2515; x_wconf 82' lang='lat' dir='ltr'><strong>mendara</strong></span> <span class='ocrx_word' id='word_1_30' title='bbox 224 2451 318 2536; x_wconf 80' lang='lat' dir='ltr'><strong>possis</strong></span> <span class='ocrx_word' id='word_1_31' title='bbox 340 2449 526 2534; x_wconf 82' lang='lat' dir='ltr'><strong>aequalibus,</strong></span> <span class='ocrx_word' id='word_1_32' title='bbox 551 2450 600 2514; x_wconf 88' lang='lat' dir='ltr'><strong>via</strong></span> <span class='ocrx_word' id='word_1_33' title='bbox 621 2453 705 2535; x_wconf 87' lang='lat' dir='ltr'><strong>patet</strong></span> <span class='ocrx_word' id='word_1_34' title='bbox 726 2471 760 2513; x_wconf 89' lang='lat' dir='ltr'><strong>ao</strong></span> <span class='ocrx_word' id='word_1_35' title='bbox 781 2450 871 2531; x_wconf 88' lang='lat' dir='ltr'><strong>ratio,</strong></span> <span class='ocrx_word' id='word_1_36' title='bbox 887 2470 978 2533; x_wconf 90' lang='lat' dir='ltr'><strong>quam</strong></span> <span class='ocrx_word' id='word_1_37' title='bbox 996 2449 1021 2512; x_wconf 79' lang='lat' dir='ltr'><strong>si</strong></span> <span class='ocrx_word' id='word_1_38' title='bbox 1038 2450 1193 2514; x_wconf 86' lang='lat' dir='ltr'><strong>confiden-</strong></span> 
     </span>
     <span class='ocr_line' id='line_1_8' title="bbox 60 2563 1193 2649; baseline 0 -21"><span class='ocrx_word' id='word_1_39' title='bbox 60 2571 107 2629; x_wconf 90' lang='lat' dir='ltr'><strong>ter</strong></span> <span class='ocrx_word' id='word_1_40' title='bbox 139 2568 248 2649; x_wconf 76' lang='lat' dir='ltr'><strong>etque,</strong></span> <span class='ocrx_word' id='word_1_41' title='bbox 280 2587 355 2649; x_wconf 88' lang='lat' dir='ltr'><strong>quae</strong></span> <span class='ocrx_word' id='word_1_42' title='bbox 377 2564 414 2630; x_wconf 92' lang='lat' dir='ltr'><strong>ab</strong></span> <span class='ocrx_word' id='word_1_43' title='bbox 445 2564 584 2630; x_wconf 80' lang='lat' dir='ltr'><strong>omnibus</strong></span> <span class='ocrx_word' id='word_1_44' title='bbox 614 2563 765 2639; x_wconf 76' lang='lat' dir='ltr'><strong>audiatur,</strong></span> <span class='ocrx_word' id='word_1_45' title='bbox 803 2584 875 2629; x_wconf 87' lang='lat' dir='ltr'><strong>vooe</strong></span> <span class='ocrx_word' id='word_1_46' title='bbox 905 2564 1071 2648; x_wconf 84' lang='lat' dir='ltr'><strong>profitearis</strong></span> <span class='ocrx_word' id='word_1_47' title='bbox 1104 2569 1193 2648; x_wconf 87' lang='lat' dir='ltr'><strong>atque</strong></span> 
     </span>
     <span class='ocr_line' id='line_1_9' title="bbox 62 2678 1196 2763; baseline -0.001 -21"><span class='ocrx_word' id='word_1_48' title='bbox 62 2679 228 2744; x_wconf 80' lang='lat' dir='ltr'><strong>exclames:</strong></span> <span class='ocrx_word' id='word_1_49' title='bbox 255 2681 350 2745; x_wconf 75' lang='lat' dir='ltr'><strong>»Noa</strong></span> <span class='ocrx_word' id='word_1_50' title='bbox 372 2688 450 2746; x_wconf 80' lang='lat' dir='ltr'><strong>retro</strong></span> <span class='ocrx_word' id='word_1_51' title='bbox 469 2680 554 2744; x_wconf 80' lang='lat' dir='ltr'><strong>nodia</strong></span> <span class='ocrx_word' id='word_1_52' title='bbox 574 2678 767 2763; x_wconf 68' lang='lat' dir='ltr'><strong>qradieadum</strong></span> <span class='ocrx_word' id='word_1_53' title='bbox 793 2687 849 2760; x_wconf 78' lang='lat' dir='ltr'><strong>eat,</strong></span> <span class='ocrx_word' id='word_1_54' title='bbox 876 2701 936 2743; x_wconf 78' lang='lat' dir='ltr'><strong>aon</strong></span> <span class='ocrx_word' id='word_1_55' title='bbox 961 2679 1111 2754; x_wconf 74' lang='lat' dir='ltr'><strong>alendum,</strong></span> <span class='ocrx_word' id='word_1_56' title='bbox 1142 2679 1196 2742; x_wconf 84' lang='lat' dir='ltr'><strong>aed</strong></span> 
     </span>
     <span class='ocr_line' id='line_1_10' title="bbox 16 2791 1195 2879; baseline -0.003 -19"><span class='ocrx_word' id='word_1_57' title='bbox 16 2867 24 2876; x_wconf 28' lang='lat'>⁸</span> <span class='ocrx_word' id='word_1_58' title='bbox 62 2818 149 2879; x_wconf 81' lang='lat' dir='ltr'><strong>quom</strong></span> <span class='ocrx_word' id='word_1_59' title='bbox 172 2795 321 2860; x_wconf 63' lang='lat' dir='ltr'><strong>celeuma</strong></span> <span class='ocrx_word' id='word_1_60' title='bbox 331 2794 437 2873; x_wconf 77' lang='lat' dir='ltr'><strong>potina</strong></span> <span class='ocrx_word' id='word_1_61' title='bbox 455 2800 485 2858; x_wconf 82' lang='lat' dir='ltr'><strong>et</strong></span> <span class='ocrx_word' id='word_1_62' title='bbox 503 2815 589 2878; x_wconf 80' lang='lat' dir='ltr'><strong>quom</strong></span> <span class='ocrx_word' id='word_1_63' title='bbox 605 2793 774 2877; x_wconf 66' lang='lat' dir='ltr'><strong>lonyiaaime</strong></span> <span class='ocrx_word' id='word_1_64' title='bbox 782 2791 1061 2876; x_wconf 55' lang='lat' dir='ltr'><strong>prosternendum?</strong></span> <span class='ocrx_word' id='word_1_65' title='bbox 1086 2792 1195 2856; x_wconf 77' lang='lat' dir='ltr'><strong>Contra</strong></span> 
     </span>
     <span class='ocr_line' id='line_1_11' title="bbox 63 2905 1193 2992; baseline -0.002 -18"><span class='ocrx_word' id='word_1_66' title='bbox 63 2915 151 2975; x_wconf 86' lang='lat' dir='ltr'><strong>oaute</strong></span> <span class='ocrx_word' id='word_1_67' title='bbox 173 2908 337 2975; x_wconf 89' lang='lat' dir='ltr'><strong>videndum</strong></span> <span class='ocrx_word' id='word_1_68' title='bbox 360 2908 472 2972; x_wconf 78' lang='lat' dir='ltr'><strong>essaei</strong></span> <span class='ocrx_word' id='word_1_69' title='bbox 494 2907 646 2971; x_wconf 83' lang='lat' dir='ltr'><strong>monueris</strong></span> <span class='ocrx_word' id='word_1_70' title='bbox 669 2929 720 2990; x_wconf 88' lang='lat' dir='ltr'><strong>ne,</strong></span> <span class='ocrx_word' id='word_1_71' title='bbox 755 2909 809 2992; x_wconf 90' lang='lat' dir='ltr'><strong>qui</strong></span> <span class='ocrx_word' id='word_1_72' title='bbox 826 2928 998 2992; x_wconf 73' lang='lat' dir='ltr'><strong>proqreaaua</strong></span> <span class='ocrx_word' id='word_1_73' title='bbox 1023 2905 1193 2984; x_wconf 84' lang='lat' dir='ltr'><strong>videbatur,</strong></span> 
     </span>
     <span class='ocr_line' id='line_1_12' title="bbox 64 3021 1197 3107; baseline -0.002 -19"><span class='ocrx_word' id='word_1_74' title='bbox 64 3046 133 3088; x_wconf 88' lang='lat' dir='ltr'><strong>eum</strong></span> <span class='ocrx_word' id='word_1_75' title='bbox 163 3045 196 3088; x_wconf 89' lang='lat' dir='ltr'><strong>re</strong></span> <span class='ocrx_word' id='word_1_76' title='bbox 225 3028 256 3088; x_wconf 89' lang='lat' dir='ltr'><strong>et</strong></span> <span class='ocrx_word' id='word_1_77' title='bbox 285 3023 410 3087; x_wconf 84' lang='lat' dir='ltr'><strong>veritate</strong></span> <span class='ocrx_word' id='word_1_78' title='bbox 441 3042 599 3104; x_wconf 74' lang='lat' dir='ltr'><strong>reqreaaom</strong></span> <span class='ocrx_word' id='word_1_79' title='bbox 628 3021 720 3084; x_wconf 71' lang='lat' dir='ltr'><strong>fuine</strong></span> <span class='ocrx_word' id='word_1_80' title='bbox 741 3042 801 3084; x_wconf 81' lang='lat' dir='ltr'><strong>usu</strong></span> <span class='ocrx_word' id='word_1_81' title='bbox 827 3026 966 3106; x_wconf 80' lang='lat' dir='ltr'><strong>appareat</strong></span> <span class='ocrx_word' id='word_1_82' title='bbox 986 3023 1077 3106; x_wconf 84' lang='lat' dir='ltr'><strong>atque</strong></span> <span class='ocrx_word' id='word_1_83' title='bbox 1106 3042 1197 3107; x_wconf 82' lang='lat' dir='ltr'><strong>expe·</strong></span> 
     </span>
     <span class='ocr_line' id='line_1_13' title="bbox 63 3134 1197 3224; baseline -0.005 -20"><span class='ocrx_word' id='word_1_84' title='bbox 63 3141 187 3216; x_wconf 75' lang='lat' dir='ltr'><strong>rientit,</strong></span> <span class='ocrx_word' id='word_1_85' title='bbox 212 3160 310 3222; x_wconf 89' lang='lat' dir='ltr'><strong>neque</strong></span> <span class='ocrx_word' id='word_1_86' title='bbox 331 3138 427 3224; x_wconf 80' lang='lat' dir='ltr'><strong>igitur</strong></span> <span class='ocrx_word' id='word_1_87' title='bbox 448 3142 559 3201; x_wconf 87' lang='lat' dir='ltr'><strong>temere</strong></span> <span class='ocrx_word' id='word_1_88' title='bbox 581 3156 638 3200; x_wconf 89' lang='lat' dir='ltr'><strong>neo</strong></span> <span class='ocrx_word' id='word_1_89' title='bbox 660 3134 725 3199; x_wconf 85' lang='lat' dir='ltr'><strong>sine</strong></span> <span class='ocrx_word' id='word_1_90' title='bbox 744 3134 829 3219; x_wconf 75' lang='lat' dir='ltr'><strong>justo</strong></span> <span class='ocrx_word' id='word_1_91' title='bbox 857 3139 959 3199; x_wconf 72' lang='lat' dir='ltr'><strong>ennaea</strong></span> <span class='ocrx_word' id='word_1_92' title='bbox 980 3136 1125 3219; x_wconf 85' lang='lat' dir='ltr'><strong>Majorum</strong></span> <span class='ocrx_word' id='word_1_93' title='bbox 1148 3136 1197 3198; x_wconf 91' lang='lat' dir='ltr'><strong>in·</strong></span> 
     </span>
     <span class='ocr_line' id='line_1_14' title="bbox 66 3249 1196 3340; baseline -0.004 -21"><span class='ocrx_word' id='word_1_94' title='bbox 66 3255 172 3319; x_wconf 86' lang='lat' dir='ltr'><strong>stituta</strong></span> <span class='ocrx_word' id='word_1_95' title='bbox 204 3253 374 3340; x_wconf 82' lang='lat' dir='ltr'><strong>abroganda</strong></span> <span class='ocrx_word' id='word_1_96' title='bbox 404 3273 465 3317; x_wconf 80' lang='lat' dir='ltr'><strong>esee</strong></span> <span class='ocrx_word' id='word_1_97' title='bbox 487 3252 513 3315; x_wconf 83' lang='lat' dir='ltr'><strong>si</strong></span> <span class='ocrx_word' id='word_1_98' title='bbox 536 3251 741 3325; x_wconf 63' lang='lat' dir='ltr'><strong>affirmaverim</strong></span> <span class='ocrx_word' id='word_1_99' title='bbox 777 3271 813 3314; x_wconf 88' lang='lat' dir='ltr'><strong>eo</strong></span> <span class='ocrx_word' id='word_1_100' title='bbox 834 3249 913 3333; x_wconf 87' lang='lat' dir='ltr'><strong>ipso,</strong></span> <span class='ocrx_word' id='word_1_101' title='bbox 941 3249 1108 3314; x_wconf 85' lang='lat' dir='ltr'><strong>Diariorum</strong></span> <span class='ocrx_word' id='word_1_102' title='bbox 1133 3271 1196 3314; x_wconf 93' lang='lat' dir='ltr'><strong>non</strong></span> 
     </span>
     <span class='ocr_line' id='line_1_15' title="bbox 65 3364 1197 3454; baseline -0.004 -20"><span class='ocrx_word' id='word_1_103' title='bbox 65 3389 232 3452; x_wconf 85' lang='lat' dir='ltr'><strong>paucorum</strong></span> <span class='ocrx_word' id='word_1_104' title='bbox 253 3373 343 3451; x_wconf 85' lang='lat' dir='ltr'><strong>atque</strong></span> <span class='ocrx_word' id='word_1_105' title='bbox 366 3365 595 3454; x_wconf 82' lang='lat' dir='ltr'><strong>Ephemeridum</strong></span> <span class='ocrx_word' id='word_1_106' title='bbox 614 3364 749 3451; x_wconf 85' lang='lat' dir='ltr'><strong>judicio,</strong></span> <span class='ocrx_word' id='word_1_107' title='bbox 773 3364 880 3429; x_wconf 90' lang='lat' dir='ltr'><strong>huiooe</strong></span> <span class='ocrx_word' id='word_1_108' title='bbox 901 3365 1031 3450; x_wconf 87' lang='lat' dir='ltr'><strong>tempori</strong></span> <span class='ocrx_word' id='word_1_109' title='bbox 1052 3365 1197 3450; x_wconf 88' lang='lat' dir='ltr'><strong>imparem</strong></span> 
     </span>
     <span class='ocr_line' id='line_1_16' title="bbox 66 3479 1197 3567; baseline -0.002 -21"><span class='ocrx_word' id='word_1_110' title='bbox 66 3488 156 3567; x_wconf 85' lang='lat' dir='ltr'><strong>atque</strong></span> <span class='ocrx_word' id='word_1_111' title='bbox 183 3480 360 3548; x_wconf 88' lang='lat' dir='ltr'><strong>illiberalem</strong></span> <span class='ocrx_word' id='word_1_112' title='bbox 390 3487 421 3547; x_wconf 88' lang='lat' dir='ltr'><strong>te</strong></span> <span class='ocrx_word' id='word_1_113' title='bbox 450 3480 601 3546; x_wconf 88' lang='lat' dir='ltr'><strong>hominem</strong></span> <span class='ocrx_word' id='word_1_114' title='bbox 632 3479 858 3546; x_wconf 86' lang='lat' dir='ltr'><strong>demonstrabis.</strong></span> <span class='ocrx_word' id='word_1_115' title='bbox 906 3479 1029 3544; x_wconf 88' lang='lat' dir='ltr'><strong>lllorum</strong></span> <span class='ocrx_word' id='word_1_116' title='bbox 1055 3480 1136 3543; x_wconf 89' lang='lat' dir='ltr'><strong>enim</strong></span> <span class='ocrx_word' id='word_1_117' title='bbox 1159 3479 1197 3544; x_wconf 90' lang='lat' dir='ltr'><strong>de</strong></span> 
     </span>
     <span class='ocr_line' id='line_1_17' title="bbox 65 3593 1196 3683; baseline -0.004 -21"><span class='ocrx_word' id='word_1_118' title='bbox 65 3599 216 3665; x_wconf 76' lang='lat' dir='ltr'><strong>sententia</strong></span> <span class='ocrx_word' id='word_1_119' title='bbox 236 3598 415 3683; x_wconf 78' lang='lat' dir='ltr'><strong>scriptorum</strong></span> <span class='ocrx_word' id='word_1_120' title='bbox 438 3597 671 3682; x_wconf 82' lang='lat' dir='ltr'><strong>periodioorum,</strong></span> <span class='ocrx_word' id='word_1_121' title='bbox 696 3617 771 3680; x_wconf 90' lang='lat' dir='ltr'><strong>qnae</strong></span> <span class='ocrx_word' id='word_1_122' title='bbox 793 3617 810 3659; x_wconf 90' lang='lat' dir='ltr'><strong>a</strong></span> <span class='ocrx_word' id='word_1_123' title='bbox 830 3593 992 3679; x_wconf 84' lang='lat' dir='ltr'><strong>Majoribus</strong></span> <span class='ocrx_word' id='word_1_124' title='bbox 1014 3594 1124 3659; x_wconf 86' lang='lat' dir='ltr'><strong>nostris</strong></span> <span class='ocrx_word' id='word_1_125' title='bbox 1142 3593 1196 3659; x_wconf 85' lang='lat' dir='ltr'><strong>lux</strong></span> 
     </span>
     <span class='ocr_line' id='line_1_18' title="bbox 65 3709 1198 3796; baseline -0.005 -18"><span class='ocrx_word' id='word_1_126' title='bbox 65 3711 244 3790; x_wconf 88' lang='lat' dir='ltr'><strong>habebatur,</strong></span> <span class='ocrx_word' id='word_1_127' title='bbox 269 3734 315 3795; x_wconf 90' lang='lat' dir='ltr'><strong>ea,</strong></span> <span class='ocrx_word' id='word_1_128' title='bbox 340 3713 366 3776; x_wconf 85' lang='lat' dir='ltr'><strong>si</strong></span> <span class='ocrx_word' id='word_1_129' title='bbox 388 3710 480 3796; x_wconf 83' lang='lat' dir='ltr'><strong>hujus</strong></span> <span class='ocrx_word' id='word_1_130' title='bbox 503 3711 607 3776; x_wconf 85' lang='lat' dir='ltr'><strong>aetatis</strong></span> <span class='ocrx_word' id='word_1_131' title='bbox 629 3732 699 3776; x_wconf 91' lang='lat' dir='ltr'><strong>oum</strong></span> <span class='ocrx_word' id='word_1_132' title='bbox 721 3711 868 3796; x_wconf 68' lang='lat' dir='ltr'><strong>sapientie</strong></span> <span class='ocrx_word' id='word_1_133' title='bbox 886 3713 1083 3796; x_wconf 86' lang='lat' dir='ltr'><strong>eomparatur,</strong></span> <span class='ocrx_word' id='word_1_134' title='bbox 1106 3709 1198 3774; x_wconf 85' lang='lat' dir='ltr'><strong>veris·</strong></span> 
     </span>
     <span class='ocr_line' id='line_1_19' title="bbox 61 3824 509 3911; baseline -0.004 -19"><span class='ocrx_word' id='word_1_135' title='bbox 61 3831 142 3894; x_wconf 79' lang='lat' dir='ltr'><strong>sima</strong></span> <span class='ocrx_word' id='word_1_136' title='bbox 165 3832 210 3892; x_wconf 87' lang='lat' dir='ltr'><strong>est</strong></span> <span class='ocrx_word' id='word_1_137' title='bbox 232 3827 358 3892; x_wconf 85' lang='lat' dir='ltr'><strong>dioenda</strong></span> <span class='ocrx_word' id='word_1_138' title='bbox 381 3824 509 3911; x_wconf 33' lang='lat' dir='ltr'><strong>caligo..</strong></span> 
     </span>
    </p>

    <p class='ocr_par' dir='ltr' id='par_1_6' title="bbox 60 3939 1201 4484">
     <span class='ocr_line' id='line_1_20' title="bbox 111 3939 1198 4027; baseline -0.003 -20"><span class='ocrx_word' id='word_1_139' title='bbox 111 3945 209 4007; x_wconf 88' lang='lat' dir='ltr'><strong>lloooo</strong></span> <span class='ocrx_word' id='word_1_140' title='bbox 230 3943 327 4027; x_wconf 88' lang='lat' dir='ltr'><strong>igitur</strong></span> <span class='ocrx_word' id='word_1_141' title='bbox 341 3941 566 4026; x_wconf 70' lang='lat' dir='ltr'><strong>proqredieadi,</strong></span> <span class='ocrx_word' id='word_1_142' title='bbox 598 3940 630 4004; x_wconf 89' lang='lat' dir='ltr'><strong>id</strong></span> <span class='ocrx_word' id='word_1_143' title='bbox 653 3945 698 4005; x_wconf 84' lang='lat' dir='ltr'><strong>est</strong></span> <span class='ocrx_word' id='word_1_144' title='bbox 720 3961 795 4024; x_wconf 91' lang='lat' dir='ltr'><strong>quae</strong></span> <span class='ocrx_word' id='word_1_145' title='bbox 817 3940 961 4005; x_wconf 87' lang='lat' dir='ltr'><strong>diuturno</strong></span> <span class='ocrx_word' id='word_1_146' title='bbox 983 3961 1042 4005; x_wconf 81' lang='lat' dir='ltr'><strong>usu</strong></span> <span class='ocrx_word' id='word_1_147' title='bbox 1062 3939 1198 4005; x_wconf 86' lang='lat' dir='ltr'><strong>invalue-</strong></span> 
     </span>
     <span class='ocr_line' id='line_1_21' title="bbox 60 4053 1198 4142; baseline -0.004 -19"><span class='ocrx_word' id='word_1_148' title='bbox 60 4062 142 4123; x_wconf 83' lang='lat' dir='ltr'><strong>runt</strong></span> <span class='ocrx_word' id='word_1_149' title='bbox 164 4060 217 4121; x_wconf 90' lang='lat' dir='ltr'><strong>aut</strong></span> <span class='ocrx_word' id='word_1_150' title='bbox 238 4056 341 4142; x_wconf 85' lang='lat' dir='ltr'><strong>legum</strong></span> <span class='ocrx_word' id='word_1_151' title='bbox 374 4056 448 4120; x_wconf 89' lang='lat' dir='ltr'><strong>adeo</strong></span> <span class='ocrx_word' id='word_1_152' title='bbox 478 4055 654 4120; x_wconf 88' lang='lat' dir='ltr'><strong>auctoritate</strong></span> <span class='ocrx_word' id='word_1_153' title='bbox 682 4055 795 4132; x_wconf 82' lang='lat' dir='ltr'><strong>sanoita</strong></span> <span class='ocrx_word' id='word_1_154' title='bbox 823 4060 896 4119; x_wconf 81' lang='lat' dir='ltr'><strong>aunt</strong></span> <span class='ocrx_word' id='word_1_155' title='bbox 925 4054 1074 4130; x_wconf 90' lang='lat' dir='ltr'><strong>mutandi,</strong></span> <span class='ocrx_word' id='word_1_156' title='bbox 1111 4053 1198 4119; x_wconf 90' lang='lat' dir='ltr'><strong>abro-</strong></span> 
     </span>
     <span class='ocr_line' id='line_1_22' title="bbox 64 4150 1201 4258; baseline 0 -24"><span class='ocrx_word' id='word_1_157' title='bbox 64 4150 178 4258; x_wconf 72' lang='lat' dir='ltr'><strong>gandi,</strong></span> <span class='ocrx_word' id='word_1_158' title='bbox 198 4169 387 4256; x_wconf 84' lang='lat' dir='ltr'><strong>antiquandi,</strong></span> <span class='ocrx_word' id='word_1_159' title='bbox 412 4169 545 4235; x_wconf 85' lang='lat' dir='ltr'><strong>studium</strong></span> <span class='ocrx_word' id='word_1_160' title='bbox 567 4192 601 4235; x_wconf 90' lang='lat' dir='ltr'><strong>ao</strong></span> <span class='ocrx_word' id='word_1_161' title='bbox 624 4170 805 4235; x_wconf 85' lang='lat' dir='ltr'><strong>desiderium</strong></span> <span class='ocrx_word' id='word_1_162' title='bbox 827 4168 926 4234; x_wconf 84' lang='lat' dir='ltr'><strong>nullas</strong></span> <span class='ocrx_word' id='word_1_163' title='bbox 947 4191 1008 4234; x_wconf 91' lang='lat' dir='ltr'><strong>non</strong></span> <span class='ocrx_word' id='word_1_164' title='bbox 1024 4169 1148 4255; x_wconf 87' lang='lat' dir='ltr'><strong>attingit</strong></span> <span class='ocrx_word' id='word_1_165' title='bbox 1169 4173 1201 4234; x_wconf 89' lang='lat' dir='ltr'><strong>et</strong></span> 
     </span>
     <span class='ocr_line' id='line_1_23' title="bbox 65 4282 1199 4370; baseline -0.005 -16"><span class='ocrx_word' id='word_1_166' title='bbox 65 4285 163 4354; x_wconf 81' lang='lat' dir='ltr'><strong>aslioit</strong></span> <span class='ocrx_word' id='word_1_167' title='bbox 189 4286 299 4349; x_wconf 87' lang='lat' dir='ltr'><strong>artium</strong></span> <span class='ocrx_word' id='word_1_168' title='bbox 330 4283 513 4369; x_wconf 82' lang='lat' dir='ltr'><strong>disciplinas.</strong></span> <span class='ocrx_word' id='word_1_169' title='bbox 559 4286 632 4348; x_wconf 88' lang='lat' dir='ltr'><strong>Nam</strong></span> <span class='ocrx_word' id='word_1_170' title='bbox 655 4285 697 4349; x_wconf 86' lang='lat' dir='ltr'><strong>ita</strong></span> <span class='ocrx_word' id='word_1_171' title='bbox 724 4284 844 4350; x_wconf 89' lang='lat' dir='ltr'><strong>demum</strong></span> <span class='ocrx_word' id='word_1_172' title='bbox 865 4282 1021 4370; x_wconf 79' lang='lat' dir='ltr'><strong>pulchram</strong></span> <span class='ocrx_word' id='word_1_173' title='bbox 1056 4305 1090 4349; x_wconf 87' lang='lat' dir='ltr'><strong>ao</strong></span> <span class='ocrx_word' id='word_1_174' title='bbox 1118 4284 1199 4348; x_wconf 74' lang='lat' dir='ltr'><strong>fruo-</strong></span> 
     </span>
     <span class='ocr_line' id='line_1_24' title="bbox 65 4398 1200 4484; baseline 0.003 -22"><span class='ocrx_word' id='word_1_175' title='bbox 65 4405 183 4467; x_wconf 81' lang='lat' dir='ltr'><strong>tuosam</strong></span> <span class='ocrx_word' id='word_1_176' title='bbox 206 4400 245 4463; x_wconf 83' lang='lat' dir='ltr'><strong>iis</strong></span> <span class='ocrx_word' id='word_1_177' title='bbox 266 4420 385 4484; x_wconf 88' lang='lat' dir='ltr'><strong>operam</strong></span> <span class='ocrx_word' id='word_1_178' title='bbox 409 4399 471 4464; x_wconf 91' lang='lat' dir='ltr'><strong>dari</strong></span> <span class='ocrx_word' id='word_1_179' title='bbox 495 4421 580 4484; x_wconf 80' lang='lat' dir='ltr'><strong>poene</strong></span> <span class='ocrx_word' id='word_1_180' title='bbox 604 4398 695 4464; x_wconf 90' lang='lat' dir='ltr'><strong>multi</strong></span> <span class='ocrx_word' id='word_1_181' title='bbox 720 4404 871 4482; x_wconf 83' lang='lat' dir='ltr'><strong>statuunt,</strong></span> <span class='ocrx_word' id='word_1_182' title='bbox 895 4400 948 4483; x_wconf 91' lang='lat' dir='ltr'><strong>qui</strong></span> <span class='ocrx_word' id='word_1_183' title='bbox 971 4421 988 4464; x_wconf 91' lang='lat' dir='ltr'><strong>a</strong></span> <span class='ocrx_word' id='word_1_184' title='bbox 1015 4399 1200 4465; x_wconf 78' lang='lat' dir='ltr'><strong>t&#39;beralitote</strong></span> 
     </span>
    </p>
   </div>
   <div class='ocr_carea' id='block_1_6' title="bbox 0 0 1412 4958">
    <p class='ocr_par' dir='ltr' id='par_1_7' title="bbox 0 0 1412 4958">
     <span class='ocr_line' id='line_1_25' title="bbox 0 0 1412 4958; baseline 0 0"><span class='ocrx_word' id='word_1_185' title='bbox 0 0 1412 4958; x_wconf 95' lang='lat' dir='ltr'><strong> </strong></span> 
     </span>
    </p>
   </div>
  </div>
 </body>
</html>
