2782 4958
124 314 190 376 lua
607 327 775 371 aruvroars

125 496 183 562 etsi
206 495 320 560 nullius
350 493 401 559 ille
423 494 589 580 discipulus
619 494 679 558 dici
702 493 804 567 vellet,
838 498 938 557 tamen
968 513 1006 557 ex
1027 490 1257 578 Schshinpicnd

127 609 319 696 potissimum
343 608 487 676 Naturae
509 609 709 694 Philosophia
728 630 796 672 eum
820 609 989 693 proiectum
1010 628 1075 671 esse
1099 606 1201 686 docet,
1226 627 1258 670 aa

128 731 231 812 postea
252 727 295 790 ita
317 725 408 811 hujus
431 725 559 790 rationis
580 745 697 789 errores
720 744 824 787 cavere
846 723 1012 797 studuisse,
1041 727 1077 786 ut
1098 725 1203 787 tamen
1224 719 1260 784 ad

126 837 341 916 Dualismum,
357 837 389 902 id
412 842 459 902 est
479 837 517 902 ad
539 858 641 902 veram
663 836 881 923 agnoscendam
899 837 1000 902 Βοηω
1021 836 1103 901 inter
1126 841 1159 900 et
1178 854 1261 900 muu-

128 951 201 1017 dum
223 951 445 1036 diversitatem,
467 953 574 1038 pedem
595 972 657 1016 non
679 952 816 1017 referret.
864 955 893 1017 A
914 951 1027 1037 quibus
1052 973 1117 1016 nou
1144 950 1261 1014 dueen-

127 1067 209 1130 tiens
232 1066 455 1150 Clarissius,
480 1089 562 1149 eum,
594 1067 632 1132 de
653 1088 714 1151 quo
736 1068 873 1152 agimus,
905 1065 1125 1151 Philosophum
1157 1065 1192 1129 in
1224 1063 1262 1126 iis

128 1186 267 1246 numerat
288 1181 474 1266 aequalibus,
499 1184 586 1268 spui,
613 1203 652 1247 se
677 1181 926 1266 schellingii
950 1179 1114 1264 discuplinct
1129 1177 1264 1264 profecti

128 1307 206 1362 »aut
227 1318 295 1362 eam
318 1297 544 1385 quedammodo
564 1299 667 1377 sensti,
693 1298 739 1362 ita
761 1298 888 1362 subinde
909 1295 1100 1380 scripserint,
1128 1303 1166 1357 ut
1195 1291 1264 1357 ani·

128 1433 235 1476 »mum
264 1411 401 1496 prodere
430 1411 588 1498 plerisque
613 1412 805 1488 aduenae,
840 1433 860 1475 a
887 1408 1037 1497 pestiferat
1066 1407 1264 1474 Puntlres'smi

128 1525 303 1605 amnne,
324 1526 430 1590 nrtuti
446 1525 646 1613 infestissimi
665 1525 722 1594 itta
736 1548 772 1592 uc
789 1526 992 1592 Fauianum
1010 1525 1183 1601 inducente,
1203 1543 1264 1588 non

130 1660 332 1728 smapncpeee
353 1640 487 1707 uliemm
510 1638 597 1726 (1).’'

135 2050 138 2054 ⁴
173 1973 258 2042 Haec
278 1976 393 2062 igitur,
418 1999 495 2064 quae
518 1977 664 2044 Virorum
688 1978 922 2044 clarissimorum
953 1975 1136 2043 testimoniis
1167 1995 1264 2060 erpo·

129 2110 221 2169 uere,
242 2110 333 2176 quam
356 2093 423 2156 mea
443 2090 572 2177 probare
594 2093 798 2179 disputatione
821 2091 984 2170 malebam,
1007 2092 1094 2167 satis,
1112 2091 1146 2157 ui
1160 2089 1262 2164 fallor,

129 2204 255 2282 docent,
285 2207 345 2270 nisi
375 2228 392 2271 a
419 2228 468 2271 me
498 2208 565 2293 ipso
595 2208 734 2275 diversus
767 2206 850 2285 abire
879 2213 968 2292 atque
1002 2227 1039 2271 ex
1076 2205 1200 2271 slheiatci
1231 2205 1264 2268 iu

129 2316 344 2385 Pantheiatam
366 2342 414 2385 me
436 2327 621 2387 commutare
650 2322 823 2402 voluissem,
857 2343 919 2386 uon
941 2340 1123 2406 magnopere
1144 2317 1184 2383 ab
1207 2317 1265 2382 hoc

128 2431 250 2498 bomine
272 2434 384 2500 librum
405 2435 522 2501 laudari
544 2438 689 2522 potuisse,
714 2438 747 2501 in
770 2459 830 2522 quo
853 2437 972 2501 dubites
1002 2441 1107 2513 utrum
1130 2433 1265 2518 potiores

128 2544 197 2612 Deo
219 2553 319 2633 partes
341 2546 525 2630 tribuantur,
546 2550 643 2616 libero
665 2552 770 2616 muudi
794 2550 965 2628 Conditori,
991 2571 1029 2615 au
1052 2548 1110 2633 ipsi
1128 2547 1263 2624 Mundo,

129 2660 250 2726 divinae
272 2667 398 2728 naturae
419 2665 573 2749 participi.
621 2665 739 2730 Verum
761 2686 850 2751 quam
874 2664 1020 2739 candida,
1053 2663 1128 2747 quid
1151 2683 1264 2726 memo·

128 2774 202 2838 ratis
225 2774 263 2838 de
291 2775 491 2843 Orationibus
516 2780 655 2859 sentiam,
680 2779 882 2846 Auditoribus
905 2779 1055 2843 declarare
1078 2776 1178 2854 soleo,
1202 2781 1264 2841 tam

129 2887 241 2953 diserte
263 2911 301 2954 ne
324 2890 441 2973 eodem,
476 2913 538 2978 quo
568 2892 807 2979 Philosophum,
836 2915 963 2959 numero
990 2892 1173 2976 lheelcpum
1204 2880 1263 2955 ba·

128 3000 221 3066 beant
242 3003 282 3067 iis
303 3009 410 3070 auctor
432 3026 509 3072 sum.
555 3006 618 3072 Ubi
642 3011 673 3071 et
696 3005 753 3070 alia
775 3012 807 3071 et
829 3006 902 3072 haec
925 3026 972 3070 me
987 3025 1109 3069 monere
1123 3003 1262 3067 memini.

129 3115 163 3180 Si
186 3137 293 3182 verum
325 3123 382 3198 est,
415 3121 551 3204 inquam,
582 3121 662 3207 quod
697 3142 760 3185 non
789 3121 878 3205 pauci
901 3123 1087 3195 statuerunt,
1112 3139 1173 3181 non
1197 3137 1266 3182 raro

128 3228 234 3293 eodem
257 3230 292 3294 in
314 3229 435 3296 homine
465 3233 541 3297 duos
564 3234 713 3321 distingui
735 3258 822 3321 posse
848 3235 997 3310 bomines;
1022 3236 1055 3298 in
1076 3234 1200 3299 nemine
1222 3234 1267 3298 fa·

129 3341 187 3406 cile
210 3342 399 3426 luculentius
413 3348 445 3411 id
462 3354 593 3433 apparet,
609 3372 699 3434 quam
715 3353 747 3414 in
762 3348 1137 3415 Schleiermacbero.
1163 3347 1267 3420 Quem

126 3463 231 3524 utrum
270 3461 454 3547 iheolepum
488 3469 605 3548 spectes
634 3464 869 3528 ecclesiasticum
901 3485 936 3528 aa
967 3463 1171 3549 dogmaticum
1183 3511 1193 3540 ,
1228 3485 1268 3526 au

129 3595 201 3638 vero
224 3574 464 3661 Philosophum,
488 3577 573 3642 dictu
595 3576 775 3642 incredibile
798 3584 845 3641 est
865 3582 1011 3662 quantum
1034 3577 1167 3642 intersit.
1196 3576 1268 3642 Hu-

123 3691 177 3776 jus
199 3693 279 3758 enim
302 3715 460 3780 personam
483 3716 589 3780 agens,
614 3700 676 3760 tam
699 3695 789 3781 longe
806 3716 822 3757 a
838 3693 961 3757 Codicis
983 3692 1066 3756 Sacri
1089 3690 1269 3776 Christique

129 3805 304 3889 siugulatim
328 3807 448 3892 placitis
471 3813 560 3893 atque
584 3781 763 3874 auctoritate
785 3806 961 3882 recedebat,
994 3827 1081 3892 quam
1112 3793 1207 3890 prope
1230 3806 1270 3872 ad

129 3918 383 4007 Schellingii
405 3923 507 4007 priora
529 3923 665 4002 decreta,
688 3922 775 4009 plane
791 3921 991 4006 pantheistica
1013 3919 1076 3997 illa,
1094 3919 1270 3986 accedebat.

131 4034 311 4122 Theolopum
353 4057 424 4101 vero
462 4059 494 4101 se
529 4059 659 4124 gerens,
703 4036 844 4105 subtilem
878 4035 1029 4122 quandam
1068 4034 1271 4120 profitebatur

132 4203 277 4212 —-.-.-.-—

163 4300 201 4362 (1)
220 4299 322 4366 Encpcl.
339 4300 406 4351 theol.
426 4301 544 4367 Epiruma,
565 4321 589 4369 p.
608 4308 666 4353 414.
701 4303 776 4364 Quod
794 4318 824 4353 eo
844 4304 925 4367 magis
941 4302 1120 4354 attendendum
1145 4305 1184 4351 eet
1207 4300 1269 4351 Viri

130 4394 290 4446 solertissimi
304 4394 438 4458 judicium,
459 4411 509 4461 quo
528 4399 625 4450 cautius
644 4397 811 4450 enuntiatum.
