2782 4958
216 349 280 413 180
602 369 764 413 1111111111
787 372 954 416 oaruncrrs

218 537 353 624 Collegae
374 536 457 603 illius
479 537 576 603 dicere
597 542 723 620 Amicis,
748 541 897 605 Luokio
920 561 954 603 ac
978 538 1199 616 Gieselero;
1221 561 1329 624 quorun

216 656 293 718 dame
317 652 422 717 absens
444 655 605 720 admiratus
628 678 717 738 sum,
745 658 822 733 ille,
857 678 946 738 quem
975 677 1074 719 coram
1101 656 1270 741 conspicere
1290 657 1329 719 ali·

216 768 335 852 quando
362 770 511 856 contigit,
543 793 581 834 ne
612 795 659 836 me
681 771 804 855 quidem
830 769 1054 836 benevolentiae
1077 792 1148 834 suae
1171 772 1331 835 testimoniis

214 904 312 946 carere
346 905 449 967 passus
480 888 531 949 est.
578 883 817 949 Gieselerum
845 885 926 950 enim
949 886 1012 970 ipsa
1041 885 1186 958 defleret,
1215 886 1241 949 si
1270 886 1331 949 torte

214 1018 320 1062 vocem
336 999 471 1062 emittere
490 1003 590 1082 posset
605 998 750 1077 animata,
778 999 893 1063 Christi
914 999 1070 1064 Societatm
1082 999 1236 1064 Historia.
1261 999 1333 1062 »Vae

213 1110 337 1176 milil’'
373 1112 417 1174 sic
446 1115 677 1194 conquerentem
715 1133 778 1177 eam
805 1112 993 1192 audiremus,
1028 1112 1117 1187 aeui,
1149 1112 1201 1175 abi
1233 1111 1332 1175 eisdam

214 1233 429 1307 scaenarum,
457 1250 529 1311 qaae
551 1227 719 1291 Neandri
741 1228 818 1291 midi
831 1231 964 1316 fueruat
994 1249 1029 1290 ac
1057 1225 1331 1310 Royaardsiiia

215 1342 344 1427 »femere
359 1341 539 1427 fundendae
570 1343 728 1419 lacrimae,
760 1364 837 1406 amaa
857 1342 926 1426 jam
949 1343 1055 1409 tertias
1079 1341 1129 1404 dic
1152 1341 1233 1404 brevi
1252 1339 1332 1418 spatio

219 1454 379 1535 stupendae
405 1463 449 1519 eet
470 1476 594 1519 mecmm
609 1456 804 1541 ⁴Corpplaeae
828 1456 970 1518 cattorum
993 1462 1081 1538 atqae
1110 1453 1330 1537 Aateeipaaam.

214 1566 332 1642 »Nam
358 1566 564 1631 Gieselero
582 1568 770 1646 potieeimam
797 1570 1014 1634 accuratissime
1034 1569 1205 1648 Iatmprete
1229 1591 1262 1632 ac
1281 1570 1333 1632 dcc·

216 1681 366 1758 ctissime,
403 1682 476 1766 qaid
503 1683 539 1745 de
570 1683 719 1747 Ecclesiae
743 1685 826 1771 fatie
857 1706 892 1748 ac
913 1684 1045 1763 placitis
1073 1683 1136 1762 masi
1162 1681 1334 1747 marraaeriat

215 1795 419 1878 »simpatoram
452 1803 609 1874 temporam
634 1801 724 1861 testes
746 1805 833 1882 atque
855 1796 1012 1881 aequales,
1035 1797 1145 1862 tertiae
1169 1798 1262 1860 malta
1277 1796 1335 1874 pl·

220 1912 380 1996 amiceque,
417 1934 502 1996 qaam
534 1919 643 1991 antea,
681 1911 832 1976 resciscere
855 1918 1021 1991 potueriat
1045 1910 1183 1990 posteri”
1214 1909 1272 1997 (l).
1302 1948 1335 1958 -

215 2025 322 2088 Liiok
333 2026 368 2088 io
392 2030 510 2101 autem,
529 2046 619 2108 quem
638 2023 764 2091 alterum
781 2024 860 2091 haud
874 2027 987 2111 injurid
1003 2027 1146 2091 dixerunt
1163 2025 1335 2090 Melanch·

215 2135 398 2220 thonem,
430 2139 539 2202 eximia
571 2137 642 2202 haec
673 2138 738 2202 laus
767 2144 884 2203 constat
914 2144 1003 2222 atque
1027 2137 1121 2202 honos
1151 2137 1334 2212 immortalis,

215 2251 296 2335 quod
315 2251 419 2315 eodem
442 2273 529 2335 opere
552 2257 582 2315 et
599 2253 754 2316 Joaaaeae
775 2252 919 2316 orationis
940 2251 1029 2317 vcrlra
1050 2252 1276 2336 locutionesque
1290 2252 1337 2315 cri·

215 2366 276 2429 ticet
299 2388 333 2429 ac
356 2366 550 2452 grammatici
572 2367 613 2429 sit
634 2367 848 2450 interpretatus
870 2363 1057 2448 subtilitate,
1081 2370 1112 2429 et
1134 2367 1269 2431 Joaaaei
1282 2384 1340 2449 pce·

214 2483 307 2562 toris,
343 2481 375 2543 in
407 2502 467 2563 quo
497 2479 578 2543 solus
608 2478 728 2545 vivebat
763 2478 951 2562 spirabatque
983 2477 1195 2559 Christus,
1227 2479 1338 2541 intimos

216 2617 320 2659 sensus
342 2617 375 2658 ac
398 2596 596 2680 cogitationes
618 2591 780 2658 lectoribus
803 2592 1065 2678 repraesentaverit
1086 2594 1118 2654 et
1147 2594 1218 2655 ante
1249 2588 1339 2655 oculos

216 2711 311 2775 veluti
334 2711 506 2795 depinxerit
528 2711 586 2793 (d).

252 2982 290 3044 (1)
310 2978 479 3030 lohannes
498 2976 635 3028 Carolus
659 2973 1251 3035 111111111161111111,(18111111.
1271 2977 1340 3030 1198,

217 3076 243 3125 in
262 3087 328 3139 pago
353 3071 525 3134 Petershagcn
543 3072 690 3120 Mindeniae
714 3083 792 3133 prope
810 3069 899 3118 nrbem
918 3075 993 3118 natus
1017 3075 1084 3128 erat,
1102 3069 1176 3117 docto
1195 3066 1343 3117 Patrensis

216 3169 317 3232 pioque.
352 3166 440 3216 Nostri
458 3167 538 3216 instar
555 3164 763 3227 Royaardsii,
782 3161 885 3224 juvenis
903 3162 1008 3211 militiae
1031 3163 1153 3210 adversus
1169 3158 1344 3222 Francognlios

216 3261 374 3310 voluntariae
392 3266 524 3308 strenuum
542 3270 597 3306 sese
616 3256 682 3305 dedit
700 3257 844 3305 socium-
860 3254 923 3304 Alia
940 3268 973 3303 ne
991 3267 1130 3303 memorem
1149 3253 1222 3302 illius
1239 3263 1343 3304 munera,

217 3367 239 3401 a.
258 3357 321 3402 1819
340 3352 445 3401 Bonnae
463 3350 495 3399 ad
514 3348 647 3405 Rhenum,
664 3352 766 3396 111832
786 3343 938 3409 Goettingae
955 3346 1112 3410 Theologiae
1129 3345 1267 3396 Professor
1283 3356 1344 3392 crea·

217 3453 259 3496 tus
277 3454 322 3496 est.
358 3443 447 3508 Atque
465 3444 523 3503 1111,
541 3444 564 3491 d.
584 3447 598 3491 8
615 3441 680 3491 dolii
699 3456 722 3490 a.
743 3440 933 3500 1854,1111111
958 3453 1053 3489 annum
1070 3453 1149 3502 agens
1166 3439 1307 3488 secundum
1322 3440 1345 3484 et

218 3539 419 3601 sexagesimum,
439 3537 490 3586 fato
509 3544 547 3586 cst
573 3535 681 3584 functus.
701 3558 732 3570 -
757 3533 812 3583 Vim
830 3532 914 3592 illius,
934 3532 1076 3595 conscripta
1093 3529 1125 3579 ab
1144 3529 1176 3579 Ε.
1197 3530 1229 3580 R
1248 3528 1345 3580 Rada·

218 3633 345 3696 pennin
356 3632 425 3694 gio,
454 3629 537 3679 Tomo
556 3629 591 3687 V,
610 3627 747 3691 posthumo
765 3626 819 3684 illi,
837 3626 976 3688 praemissa
999 3630 1129 3688 comparet
1146 3625 1235 3686 operis
1254 3620 1346 3672 classici

219 3724 448 3775 Gieseleriaui.
486 3721 545 3783 Quo
569 3722 596 3770 in
625 3720 722 3776 Temo,
749 3719 946 3786 recentissimam
972 3734 995 3767 a.
1024 3720 1193 3766 1814-1848
1222 3713 1345 3765 historiam

217 3824 352 3873 narrante,
369 3830 467 3872 eorum,
487 3830 552 3879 quae
570 3815 624 3877 ipse
642 3814 753 3862 ediderat
765 3812 879 3869 Auctor,
896 3813 972 3875 plane
989 3810 1128 3860 desiderari
1146 3805 1296 3875 ἀκρίβειαν
1313 3811 1346 3855 ast

219 3910 365 3958 dolendum.
400 3909 515 3958 Melioris
533 3907 611 3970 louge
628 3906 709 3967 frugis
728 3913 765 3954 est
785 3920 814 3954 ac
832 3905 925 3954 nostris
941 3905 1004 3953 adeo
1022 3901 1253 3952 commendandum
1273 3898 1345 3948 Gom·

219 4001 375 4053 militonibus
399 3999 514 4063 ejusdem
538 3998 659 4047 Historici
685 3997 793 4047 alterum
820 4012 884 4060 opus
905 3997 1082 4060 posthumum:
1104 3989 1346 4058 Dopmenqescir'ette5

218 4095 279 4143 item
298 4092 463 4156 inscriptum:
484 4089 569 4140 Letrd.
587 4088 630 4138 der
646 4086 894 4151 Kirclenpeselu'clte,
919 4085 994 4136 VIter
1005 4103 1028 4136 u.
1044 4085 1114 4135 laeter
1132 4083 1226 4147 Band,·
1244 4083 1343 4139 Borma,

221 4190 294 4236 1855.
330 4184 406 4246 Quod
424 4183 547 4233 Auctoris
565 4195 599 4231 ex
616 4181 718 4232 seidulis
734 4182 799 4230 idem
818 4180 896 4230 edidit
914 4194 943 4230 ac
960 4178 1092 4229 luculenta
1105 4178 1263 4240 praefatione
1280 4189 1345 4224 orna·

218 4276 572 4340 vitRedepenningins.

254 4369 290 4434 (2)
306 4369 510 4420 Fredericus
529 4370 611 4426 (sire,
630 4376 658 4418 ut
684 4368 784 4433 plenius
802 4365 950 4425 dicebatur,
972 4361 1213 4415 Gothofredus
1240 4359 1341 4411 Chris-

219 4465 327 4514 tianus
345 4461 551 4516 Frederieus)
570 4460 692 4522 Liicke,
713 4460 737 4510 d.
756 4464 788 4509 24
807 4458 919 4525 August.
939 4472 962 4507 a.
984 4458 1063 4519 1791,
1080 4457 1107 4507 in
1132 4456 1254 4522 oppidulo
1270 4450 1340 4516 ageli
