2782 4958
548 369 588 412 nn
611 368 809 411 nornannsro.
1203 347 1243 409 89

116 559 174 632 per
193 533 383 607 diuturnum
403 531 512 605 adhuc
533 549 661 631 tempus
685 533 717 603 in
740 530 935 603 Academiae
960 531 1153 604 Luminibus
1171 557 1245 606 cum

116 651 346 730 habuissemus
372 670 470 754 atque
496 657 662 729 Ecclesiae
689 657 811 752 patriae
837 655 869 726 in
895 653 1096 725 Statoribus!

164 783 288 853 Verum
316 780 407 852 aliter
432 782 501 851 Deo
524 779 648 877 >placuit
674 780 711 850 0.
735 780 792 862 M,
820 803 973 875 supremo
999 777 1170 876 eidemque
1195 803 1246 850 sa·

119 904 318 1002 pientissimo
343 928 451 975 rerum
478 903 692 974 humanarum
719 901 917 973 Moderatori
942 901 1093 999 vitaeque
1118 914 1247 973 nostrae

118 1052 155 1099 ac
185 1030 299 1098 mortis
325 1025 468 1097 Arbitro.
522 1028 658 1097 Ineunte
688 1024 837 1123 quidem,
870 1025 947 1123 quin
981 1024 1020 1096 ad
1051 1023 1148 1096 finem
1180 1027 1247 1120 jam

120 1164 285 1248 vergente,
304 1150 378 1221 anni
398 1150 616 1222 MDCCCLIII
635 1173 745 1221 mense
770 1147 952 1234 Decembri,
974 1147 1053 1218 nihil
1073 1149 1247 1247 quicquam

120 1287 204 1360 erat,
231 1272 319 1371 quod
346 1285 408 1344 tam
435 1297 511 1344 caro
533 1272 639 1368 capite
664 1271 851 1368 propediem
875 1295 934 1342 nos
960 1269 1111 1341 orbatum
1129 1272 1166 1341 iri
1193 1296 1249 1343 au·

121 1396 232 1494 gurari
262 1395 435 1468 videretur⁴
488 1397 693 1494 Quamquam
725 1395 800 1493 ipsi,
844 1394 958 1467 ultimo
996 1395 1134 1467 maxime
1165 1396 1249 1468 vitae

121 1536 287 1618 tempore,
316 1503 605 1618 praesentissimam
628 1517 740 1589 mortis
757 1516 983 1614 cogitationem
1007 1543 1079 1589 esse
1101 1543 1139 1589 ac
1157 1543 1249 1590 com-

122 1643 362 1730 mentationem,
380 1657 412 1714 et
425 1668 464 1714 ex
485 1642 555 1713 aliis
572 1641 723 1740 apparuit
739 1640 864 1713 indiciis
878 1654 910 1712 et
926 1647 1018 1712 sacrd
1036 1667 1075 1713 ex
1094 1643 1250 1729 oratione,

122 1768 163 1839 de
187 1766 299 1838 Jacobi
321 1765 527 1837 Patriarchae
553 1765 763 1864 quaestione,
786 1764 940 1834 viveretne
963 1764 1064 1835 adhuc
1079 1766 1253 1862 Joseptes?

124 1917 187 1963 non
211 1890 266 1961 diu
293 1903 368 1960 ante
394 1914 453 1985 pro
474 1887 629 1961 concione
655 1887 776 1958 habite.
828 1885 892 1958 Sed
918 1887 1029 1984 optimi
1052 1887 1121 1958 Viri
1149 1913 1252 1986 quum

125 2014 232 2086 animo
256 2027 324 2085 tum
351 2011 490 2109 corpori,
517 2010 576 2080 nisi
606 2011 719 2106 major,
739 2021 771 2080 at
796 2007 885 2080 nullo
912 2007 1008 2080 modo
1026 2009 1140 2096 minor,
1154 2034 1253 2107 quam

127 2136 261 2234 pridem,
277 2134 426 2206 alacritas
447 2133 617 2205 constabat
640 2159 678 2204 ac
699 2133 790 2228 vigor
811 2132 989 2231 roburque.
1018 2134 1139 2204 Verum
1154 2157 1253 2230 quam

125 2259 237 2331 incerti
264 2283 371 2330 rerum
394 2258 608 2329 humanarum
636 2282 753 2329 cursus
773 2257 837 2328 sint
863 2272 961 2354 atque
988 2272 1143 2344 eventus,
1169 2282 1253 2330 novo

125 2408 230 2482 eoque
254 2381 346 2452 nobis
374 2380 553 2451 tristissimo
583 2379 801 2478 comperimus
823 2380 985 2476 exemplo,
1008 2404 1121 2478 quum,
1139 2395 1255 2477 quarto

126 2506 293 2578 memorati
328 2505 402 2576 anni
437 2518 511 2575 ante
546 2503 665 2574 exitum
694 2501 763 2588 die,
788 2501 896 2573 subito
921 2515 1106 2598 correptum
1129 2527 1164 2574 se
1185 2527 1257 2574 sen·

125 2633 205 2702 sisse
238 2655 276 2700 ac
313 2629 495 2700 vehementi
531 2628 646 2698 morbo
679 2625 993 2723 Royaardsium
1032 2625 1253 2699 audiebamus.

125 2755 200 2838 Quo
231 2750 272 2824 de
297 2750 413 2823 morbo
446 2750 539 2848 plura
565 2750 716 2822 dixerunt
738 2748 800 2821 alii.
852 2749 920 2822 Nos
946 2748 1140 2846 paucissima
1165 2750 1255 2822 haec.

126 2880 287 2960 Gravem,
314 2875 402 2946 unde
427 2875 480 2944 vix
502 2887 559 2945 aut
585 2898 625 2945 ne
653 2872 704 2943 vix
729 2871 859 2970 quidem
887 2872 1020 2944 excitari
1047 2887 1173 2970 poterat
1193 2874 1257 2945 Ae-

127 3012 257 3097 grotas,
280 3022 429 3069 somnum
455 2995 638 3068 diuturnior
661 2994 788 3092 excepit
813 3020 852 3067 ac
875 2995 1056 3093 periculosa
1082 3021 1256 3068 nervorum

128 3121 269 3218 agitatio.
323 3122 397 3205 Qua
420 3121 540 3216 jactata
570 3143 661 3190 mens
691 3116 881 3190 immortalis
905 3116 999 3190 valde
1022 3131 1156 3190 actuosa
1182 3119 1258 3217 qui-

130 3245 202 3319 dem
225 3259 274 3316 est
298 3270 359 3317 nec
383 3269 486 3341 pauca
503 3242 672 3315 enuntiare
693 3257 831 3314 conatur
848 3241 999 3339 cogitata,
1019 3266 1079 3313 nec
1100 3241 1258 3338 integram
1311 3309 1313 3312 ,

131 3383 237 3441 tamen
264 3365 403 3464 amplius
429 3365 527 3436 habet
552 3367 601 3436 sui
624 3364 863 3437 conscientiam.
906 3367 1022 3461 Sperat
1043 3362 1173 3461 quidem
1197 3363 1259 3435 ali-

131 3489 286 3591 quamdiu
309 3492 398 3562 Uxor
423 3489 658 3575 amantissima;
684 3501 833 3586 sperant,
859 3486 936 3559 dum
965 3487 1088 3586 aliquot
1113 3513 1171 3584 per
1191 3487 1260 3560 dies

131 3641 205 3687 cum
237 3628 339 3686 morte
366 3613 519 3685 dimicare
548 3612 614 3683 vita
642 3611 790 3699 videtur,
817 3611 886 3683 Filii
914 3626 945 3684 et
970 3611 1085 3683 Amici.
1140 3613 1258 3683 Verum

132 3739 275 3810 omnium
308 3762 382 3835 spes
412 3735 484 3807 mali
517 3735 564 3806 vis
595 3733 696 3806 eludit
727 3758 764 3805 ac
795 3735 1006 3807 vehementia.
1058 3736 1122 3806 Diu
1150 3735 1259 3831 agitati

131 3861 261 3934 tandem
297 3859 532 3957 conquiescunt
567 3857 666 3930 nervi.
732 3858 800 3929 Nec
832 3872 938 3931 tamen
972 3856 1154 3931 beneficum
1181 3857 1261 3930 haec

131 4009 245 4056 eorum
272 3984 364 4080 quies
395 4004 543 4052 somnum
571 3979 680 4067 affert,
706 3977 761 4051 sed
789 4006 938 4078 soporem
966 3983 1073 4079 potius
1099 3981 1259 4054 lethalem.

132 4111 254 4193 Quem,
282 4104 434 4203 postridie
459 4101 617 4175 Calendas
640 4102 809 4183 lanuarias
833 4104 908 4174 anni
934 4106 1160 4191 MDCCCLIV,
1186 4129 1261 4176 ves-

134 4231 261 4329 pertino
282 4246 436 4328 tempore,
455 4226 601 4327 placidus
620 4227 706 4299 illius
725 4225 851 4324 excepit
872 4251 911 4298 ex
931 4227 995 4297 vita
1011 4227 1125 4299 exitus:
1153 4230 1263 4325 Atque

134 4357 188 4443 ita,
203 4381 304 4454 quum
329 4369 403 4426 ante
418 4358 504 4452 ipsos
518 4355 584 4428 fere
599 4370 664 4426 tres
678 4380 803 4427 menses
826 4357 1059 4452 sexagesimum
1074 4356 1188 4427 aetatis
1201 4380 1262 4427 an-

134 4505 209 4552 num
241 4479 407 4576 ingressus
443 4493 529 4567 erat,
562 4478 637 4551 hinc
667 4478 816 4576 migravit
848 4477 1137 4578 Royaardsius;
1170 4479 1264 4574 cujus
