2782 4958
596 395 758 440 ouusuanrr.
1181 380 1242 442 115

105 565 186 625 reete
209 561 311 639 docet,
336 581 436 624 nonne
458 559 625 646 elegantius
647 562 738 648 longe
760 560 956 644 intellexeris,
974 565 1054 647 quod
1069 567 1240 649 praecessit,

105 694 161 767 pv,
191 677 322 760 liparam
355 676 435 760 quod
466 676 562 762 igitur
595 676 705 763 miselli
725 676 809 743 illius
830 680 968 744 insanum
994 682 1127 745 animum
1150 681 1246 746 eicere

105 790 202 856 reluti
227 801 390 872 paccatas
412 792 541 857 nutriat.
591 793 728 876 Oqucm
755 795 938 861 admirabilis
963 797 1006 860 sio
1034 795 1120 861 nobis
1146 795 1244 860 elucet

105 908 226 992 mago!
254 908 342 992 Ligui
363 908 451 971 istius
472 928 539 991 pars
561 908 593 970 in
614 909 739 972 cicerem
759 915 919 974 evanuerat
940 912 1004 994 ipsa
1028 911 1086 996 (vs.
1104 913 1239 994 lc.19);

105 1020 227 1105 reliqua
249 1043 328 1106 pars,
352 1023 385 1084 in
407 1023 504 1085 Deum
519 1021 581 1105 jam
606 1043 758 1105 conversa,
775 1022 918 1109 pabulum
939 1046 1023 1089 servo
1045 1047 1100 1089 suo
1115 1026 1243 1090 eundem

105 1136 230 1220 praebet
259 1136 395 1200 cicerem.
445 1138 518 1200 Ecce
545 1137 656 1221 igitur!
690 1136 778 1220 plane
805 1139 949 1205 cinereum
970 1138 1029 1204 tibi
1052 1139 1240 1226 religionem.

147 1360 283 1439 Ibidem,
307 1382 391 1427 uersu
414 1365 468 1443 ae,
492 1361 603 1426 nollem
624 1360 771 1448 lnterpres
784 1363 883 1449 priore
899 1384 935 1428 ex
951 1363 1082 1428 editione
1101 1365 1134 1428 in
1151 1364 1244 1430 altera

105 1475 165 1543 hac
187 1475 340 1542 monitum
358 1476 536 1560 repetiisset,
559 1494 643 1543 trau
659 1478 804 1556 peccatam
819 1496 881 1540 esse
901 1477 1104 1544 Israeliticam
1118 1479 1244 1564 ejusque

105 1592 285 1680 singulatim
307 1598 422 1677 partem
443 1591 670 1665 theocraticam.
689 1592 746 1656 ‘eui
766 1592 938 1658 Sacerdotes
960 1594 1110 1678 praeirent
1125 1616 1159 1658 ac
1175 1597 1244 1659 Pro·

105 1707 229 1794 phetae,
255 1707 442 1772 Theocratiae
464 1707 614 1774 custodes.
655 1708 814 1773 Enimvero
829 1729 891 1771 non
910 1710 1052 1787 poputum
1066 1709 1242 1793 significari,

105 1822 158 1886 sed
178 1821 272 1897 solos,
296 1821 349 1905 qui
371 1819 497 1886 lehovae
530 1820 654 1885 consilia
679 1822 907 1907 praedixissent,
939 1821 968 1885 V
965 1831 1039 1900 ntea,
1063 1822 1150 1886 docet
1172 1845 1245 1887 con·

105 1941 211 2001 textus
233 1958 269 2000 ec
290 1935 460 2001 luculenter
492 1936 640 2020 imprimis
673 1939 859 2002 membrorum
886 1937 1043 2000 confirmat
1066 1937 1245 2015 parallelis·

105 2074 184 2128 mus5
208 2071 270 2134 quo
292 2056 428 2116 accurate
453 2049 525 2114 huic
547 2050 614 2115 voci
638 2050 796 2135 respondet
818 2072 847 2115 v.
873 2049 1016 2117 triste.

148 2277 212 2340 Nec
238 2277 334 2362 magis
360 2276 506 2362 perspicio
536 2274 609 2359 quid
638 2294 756 2340 caussae
779 2276 831 2355 sit,
863 2276 957 2358 quod,
988 2276 1105 2350 altimo,
1129 2297 1155 2338 s.
1183 2277 1239 2358 28,

106 2391 228 2470 cepitis
249 2392 330 2456 XLIV
351 2411 448 2474 cerea,
480 2395 607 2475 utraque
630 2395 749 2455 moneat
771 2390 974 2454 commentarii
1005 2389 1111 2471 editio,
1137 2408 1243 2453 recen-

105 2505 183 2573 tiore
207 2526 245 2570 ex
266 2524 336 2584 usu,
361 2505 466 2572 vocab.
492 2523 563 2600 pen
593 2528 663 2586 epus
688 2506 779 2570 etiam
809 2509 924 2570 notare.
973 2505 1129 2568 Proximae
1160 2503 1242 2568 enim

105 2620 262 2702 sectionis,
287 2637 364 2704 quae
385 2620 512 2686 lehovae
538 2621 695 2686 consitium
717 2615 909 2703 memorabat,
933 2618 1054 2684 collatio
1081 2618 1138 2684 hoc
1162 2625 1242 2684 certe

105 2733 170 2801 loco
194 2732 339 2820 Ejusdem
362 2735 513 2815 placitum
541 2734 736 2820 cogitandum
762 2753 824 2799 csse
847 2734 944 2799 docet.
975 2727 1071 2810 'Quae
1093 2734 1243 2800 ordinaria

105 2852 185 2918 cocis
211 2855 256 2916 est
277 2854 415 2936 potestas.
447 2890 489 2900 —-
514 2850 651 2914 Profecto
677 2848 764 2914 nobis
787 2849 952 2914 cavendum
974 2854 1020 2913 est
1042 2848 1241 2914 Hebraeorum

105 2961 320 3030 [incoommre
341 2963 494 3029 vocabulis
516 2984 555 3028 ne
578 2963 752 3029 recentiores
783 2968 900 3048 praeter
923 2964 1131 3028 necessitatem
1156 2964 1243 3027 afflu-

105 3095 211 3167 gsmus
232 3078 479 3166 significationes,
504 3083 593 3164 atque
616 3078 699 3153 hinc,
724 3084 761 3144 ut
784 3095 912 3143 errorem
931 3096 1033 3162 parere
1053 3075 1131 3140 solet
1145 3094 1239 3152 error,

105 3193 215 3261 seriore
231 3191 353 3260 demum
368 3199 463 3259 aetate
482 3193 546 3279 ipsa
563 3195 722 3268 exstitisse,
743 3193 797 3258 ubi
814 3191 885 3258 talia
905 3188 1131 3276 deprehendisse
1153 3188 1241 3254 uobis

105 3307 256 3391 ridemur,
279 3308 390 3396 scripte
410 3312 521 3375 temere
547 3307 774 3373 concludamus.
823 3304 908 3383 Quod
934 3305 1094 3370 hodiernae
1117 3305 1242 3370 Critices

105 3424 214 3490 vitium
236 3421 510 3508 frequentissimum
540 3442 622 3488 meos
644 3425 734 3488 etiam
756 3423 833 3487 forte
855 3423 888 3486 in
907 3440 1042 3487 errorum
1068 3421 1239 3486 societatem

105 3537 257 3625 pertrahat
278 3537 502 3603 commilitones
525 3537 711 3621 lectoresque
733 3535 839 3601 nolim.

147 3765 194 3830 nd
217 3763 441 3835 Knobelium
462 3769 499 3828 ut
512 3763 678 3840 redeamus,
697 3771 787 3849 atque
802 3759 984 3850 arupicatam
998 3764 1119 3829 tandem
1136 3760 1241 3828 huicce

105 3880 245 3946 relationi
268 3878 432 3943 clausulam
464 3879 657 3963 adjiciemns;
693 3878 742 3943 hic
768 3881 794 3943 si
817 3900 899 3944 nnnc
929 3880 991 3964 jam
1023 3878 1240 3963 interpretandi

105 3992 265 4080 diligentia
298 4015 332 4057 ac
365 3995 491 4058 sanitate
526 4011 587 4058 non
621 4014 717 4059 unum
751 3996 904 4079 superavit
940 3993 1116 4059 Euchiridic‘
1150 3992 1240 4077 hujus

105 4107 246 4192 cceqete’ci
268 4110 438 4185 Auctorem,
464 4114 600 4194 optamus
623 4115 670 4186 ut,
695 4109 749 4174 ubi
771 4111 939 4191 secesseram,
960 4110 998 4173 dc
1021 4111 1082 4193 qud
1098 4103 1237 4184 diximus,

105 4226 196 4289 tertie
219 4223 378 4307 aliquando
401 4225 552 4309 exceperit
575 4224 780 4290 commentarii
803 4224 909 4306 editio,
942 4245 973 4288 se
994 4224 1060 4309 ipse
1085 4223 1239 4306 superasse

105 4335 140 4402 ab
163 4337 281 4400 idoneis
305 4344 460 4403 censeatur
482 4345 650 4403 nostrarum
673 4338 851 4404 Litterarum
874 4337 1014 4404 Arbitris.

607 4529 739 4550 etQ-

1070 4565 1111 4626 3.
