2782 4958
607 341 775 388 esusuarr.
1217 323 1259 386 71

98 511 252 579 indieem
277 531 354 594 esee,
379 509 452 575 setis
475 508 555 575 elare
577 508 684 586 deest,
707 510 788 595 quod
812 511 960 595 sequitur,
992 517 1089 596 ἡμᾶς,
1113 507 1196 592 quod
1218 528 1256 572 ex

93 649 160 710 eo,
188 649 255 714 quo
277 647 359 692 nune
380 629 460 690 esset
482 623 619 700 Paullus,
646 642 736 689 sensu
759 624 909 709 explicare
931 623 1078 709 frigidum
1101 623 1154 688 sit.
1194 621 1256 687 Ob·

90 744 185 830 jieit
208 742 334 828 quidem
358 739 415 806 Vir
439 739 546 804 doetus
569 738 612 804 de·
629 737 683 803 illo
705 738 868 823 particulae
887 743 939 805 ὅτι
962 759 1022 802 usu
1052 736 1146 802 nullis
1173 737 1257 803 certo

94 862 262 924 constare
284 853 439 921 Paulliair
461 850 617 937 exemplis,
641 853 701 917 nisi
728 850 779 918 ubi
803 851 845 917 V.
864 851 904 917 Τ.
928 850 987 917 1οοί
1010 849 1171 918 laudentur
1194 846 1254 933 (1).
1365 839 1369 852 '

94 969 285 1037 Enimvero
306 989 369 1034 uou
392 966 438 1032 ite
458 965 611 1032 serviliter
634 965 922 1032 Aloaondrirrorarm
943 964 1072 1050 vestigia
1093 962 1196 1049 legere
1210 983 1256 1027 so·
1356 1047 1360 1055 Ι

95 1081 199 1151 lebat
214 1082 397 1167 Apostolus.
418 1086 455 1148 ut
474 1102 536 1167 quo
546 1081 678 1166 pressior
693 1102 796 1159 eorum
814 1082 896 1147 diota
911 1085 1080 1167 reponeret,
1089 1101 1127 1145 ne
1142 1080 1175 1145 in
1189 1085 1256 1147 tarr·

92 1196 181 1272 ,tilla
195 1196 322 1282 quidem
341 1217 391 1274 re,
415 1194 452 1259 ab
470 1215 574 1261 eoram
591 1195 730 1262 resedere
749 1194 966 1261 consuetudine
990 1195 1126 1263 auderet.
1152 1195 1255 1278 Atque

98 1311 264 1377 universe
284 1309 489 1377 Hebroirmos
510 1311 624 1395 potiar.
644 1331 735 1396 quem
757 1311 925 1396 exquisitos
952 1307 1145 1379 Graeoirmos
1165 1307 1257 1373 Vete-

103 1425 159 1490 ris
183 1424 373 1491 Testamenti
393 1425 596 1490 imitationem
617 1425 767 1511 peperisse
789 1426 939 1491 novimus.

159 1535 284 1603 Verum
305 1538 388 1605 aliod
410 1540 485 1625 quid
507 1545 564 1620 est,
591 1539 678 1625 ardus
701 1541 892 1627 potissimum
915 1541 1021 1607 oausd
1043 1537 1075 1603 h.
1101 1537 1124 1605 l.
1149 1537 1257 1626 attige-

108 1651 192 1717 rim.
237 1652 432 1725 confidenter
458 1675 510 1720 eos
533 1632 746 1740 reprehendit,
778 1655 832 1741 qui
855 1658 966 1727 πίστιν
981 1654 1064 1741 fidei
1083 1654 1257 1719 doctrinam
1337 1740 1347 1753 ἢ

107 1763 283 1849 explicant.
325 1765 416 1841 Quae
436 1765 632 1852 reprehensio
653 1748 913 1835 aaeumussimuni
937 1769 1028 1834 etiam
1051 1766 1153 1853 tangit
1186 1764 1257 1832 Wi-

109 1898 271 1958 nerum,
310 1882 403 1950 tertid
444 1882 518 1949 adeo
558 1883 766 1950 commentarii
803 1883 936 1948 editione
973 1882 1054 1949 nude
1088 1885 1256 1947 vertentem

114 1995 300 2061 ἀνανὶηαηι.
334 1994 416 2089 1Ιρεο
439 2017 512 2063 vero
535 1995 729 2081 Meyerue‚
753 1994 826 2061 liaeo
848 1997 1078 2072 emendaturus,
1094 1995 1184 2061 fidem
1204 1993 1255 2059 hle

42 2197 45 2200 η
113 2106 255 2195 objeetior
283 2109 411 2194 spectari
439 2109 528 2177 docet
555 2109 616 2197 (2).
670 2110 742 2179 Jam
771 2110 816 2175 sie
845 2115 977 2195 spectata
1004 2109 1078 2174 fides
1100 2128 1200 2173 nonne
1221 2107 1254 2173 id

116 2225 183 2302 est,
213 2223 312 2306 quod,
346 2243 528 2310 quoeunque
557 2225 678 2291 trudan
702 2226 791 2290 modo
821 2225 965 2290 traditum
993 2224 1161 2311 acceperis,
1195 2222 1254 2289 fide
1364 2260 1367 2265 -

120 2334 345 2425 complectaris,
359 2341 451 2428 fidei,
475 2340 556 2425 quod
579 2339 674 2426 vulgo
705 2345 830 2420 vocant,
856 2335 1024 2425 objectum?
1067 2338 1165 2422 Atqui
1195 2335 1254 2403 hoo

118 2471 136 2514 a
148 2451 232 2539 fidei
252 2451 393 2518 doetriod
422 2452 555 2540 adeoque
578 2453 615 2519 ab
645 2453 814 2540 improbata
835 2452 891 2521 illa
919 2452 1047 2521 aliorum
1070 2453 1251 2537 interpreta-

116 2565 201 2631 tione
222 2567 275 2633 vix
297 2571 351 2632 eut
372 2589 411 2632 ne
434 2568 486 2632 vir
507 2569 630 2652 quidem
654 2567 775 2634 differre
799 2569 928 2633 ridetur.

164 2895 240 2965 Gal.
266 2898 313 2964 11.
342 2898 396 2963 10.
422 2907 540 2991 Μόνον
561 2908 629 2970 τῶν
647 2910 786 2990 πτωχῶν
807 2907 865 2974 ἵνα
888 2908 1148 2990 μνημονεύωμεν.
1183 2900 1249 2967 Ple·

115 3012 203 3099 rique
224 3033 327 3076 omnes
349 3017 418 3098 post
438 3020 540 3099 μόνον
561 3013 701 3101 supplent
724 3021 892 3094 αἰτοῦντες
916 3016 963 3083 vel
982 3017 1249 3104 παρακαλοῦντες

114 3126 162 3193 vel
183 3126 320 3212 ejusdem
345 3126 406 3193 iere
431 3128 663 3215 significationis
679 3129 763 3194 aliud
778 3129 959 3197 vocabulum
981 3130 1113 3216 aliquod.
1142 3129 1249 3197 Veluti

114 3241 206 3306 vertit
236 3241 439 3309 Winerus:
474 3243 527 3309 doe
549 3267 643 3311 unum
673 3249 816 3331 rogantes
848 3258 881 3311 ur
898 3267 1077 3332 pauperum
1104 3267 1250 3312 memorre

115 3372 261 3430 ceremon
285 3389 327 3402 -
354 3354 561 3421 Sehottua:
588 3355 641 3423 loe
668 3367 786 3422 tantum
817 3364 960 3444 rogantes
988 3381 1016 3422 s.
1046 3358 1248 3445 postulantes,

116 3465 187 3530 ade
203 3465 261 3533 hoe
281 3467 405 3555 insuper
424 3466 583 3538 nobiseum
607 3470 836 3548 couvenientes,
857 3479 891 3537 ut
908 3492 1085 3558 pauperum
1102 3492 1248 3541 memoror

117 3600 253 3648 numus.
300 3582 403 3668 Atque
425 3582 476 3649 hie
498 3581 572 3649 alios
594 3582 694 3651 Paulli
714 3583 796 3651 loeos
818 3586 916 3667 affert,
942 3583 995 3651 ubi
1016 3590 1085 3670 post
1107 3589 1165 3657 ἵνα
1187 3585 1247 3650 tale

118 3692 233 3782 aliquod
253 3693 380 3772 verbum
400 3719 439 3763 ex
460 3698 608 3769 sermonis
630 3697 776 3767 hortativi
794 3701 872 3766 serie
895 3698 1101 3767 subaudiatur.
1142 3697 1245 3765 Enim·

116 3895 260 3910 ‘'finnt——

145 4040 182 4109 (1)
198 4044 259 4112 Ipse
276 4047 338 4124 adeo
355 4047 518 4111 Meyeras,
544 4045 600 4098 Gal.
618 4049 668 4099 111.
690 4055 733 4110 ιο,
755 4055 815 4100 aute
836 4047 1039 4116 ἐπικατάρατος
1057 4050 1197 4103 rectissime
1215 4050 1243 4103 iu

119 4136 211 4190 terrum
227 4139 276 4190 late
292 4147 416 4206 potestate
435 4138 478 4190 ὅτι
496 4142 616 4192 restituit.
653 4141 704 4204 Qui
722 4143 793 4193 loeus
811 4157 841 4191 eo
865 4132 946 4208 magis
968 4140 1041 4194 nobis
1063 4144 1242 4195 memorandus

120 4234 161 4290 ra,
177 4233 298 4297 quoniam
308 4233 345 4284 ibi
355 4233 420 4284 hane
432 4235 584 4300 particulam
594 4248 690 4302 ponere
702 4235 792 4288 maluit
801 4233 864 4303 Ap,
877 4252 954 4303 quarn
965 4238 1129 4290 durissimum
1146 4234 1241 4287 evitare

120 4323 237 4379 localium
253 4340 414 4379 consuram.
550 4304 565 4331 ⁸

150 4417 182 4480 (2)
199 4419 287 4472 Germ.
304 4419 348 4471 der·
359 4417 450 4473 Gloria
466 4422 601 4488 olp'retior're.
