2782 4958
134 335 174 397 aa
620 357 769 401 manuario

131 520 254 593 serviro
278 519 338 618 (t).
390 521 487 606 Quod
513 521 569 594 diu
604 535 679 595 ante
701 523 767 619 jam
798 523 981 598 luculenter
1005 523 1240 616 demonstrlrat,

132 645 217 716 binis
252 646 477 718 commentatis
514 657 612 745 atque
647 672 675 718 a.
712 648 807 724 tuat
840 659 873 719 et
904 650 993 719 l83l
1027 647 1195 746 publicatis
1218 649 1244 721 in

131 767 267 840 Arabico
293 767 578 868 disputationibus,
596 768 719 867 quibus
741 770 923 858 recentiora,
942 770 1062 842 Renoua
1081 796 1152 842 cam
1167 772 1247 868 Papd

129 893 222 979 inita,
248 916 327 989 quoe
352 892 455 964 adbuc
480 891 605 978 valant,
639 892 833 967 concordata
861 894 1050 992 Europam,
1081 895 1156 966 itam
1178 893 1248 967 Coa·

132 1014 254 1086 cordati
273 1014 404 1100 Bollae,
425 1041 495 1086 cum
515 1015 757 1088 Naderlandicis
777 1030 1000 1115 comparantur
1014 1016 1076 1115 (2)
1112 1017 1249 1114 Magnam

133 1137 196 1211 hac
222 1137 365 1235 produnt
391 1137 627 1235 disputationes
651 1139 806 1212 Auctoris
828 1139 1043 1213 eruditionem
1067 1138 1249 1212 historicam

132 1259 206 1333 Pari
228 1273 409 1334 cernuntur
428 1286 529 1359 quum
557 1261 698 1335 candore
718 1275 751 1335 et
774 1261 975 1361 παρῥησίᾳ,
999 1275 1069 1336 tum
1093 1261 1260 1361 prudentia

132 1407 171 1454 ac
192 1383 394 1456 liberalitate.
422 1384 566 1481 Regibus
581 1384 666 1457 enim
685 1410 724 1459 ac
739 1385 873 1483 Populis
891 1398 972 1484 quot
989 1396 1023 1458 et
1044 1398 1167 1485 quanta
1180 1384 1269 1459 mala

134 1505 329 1578 Concordata
354 1505 557 1597 minitentur,
581 1508 733 1605 pestilera
759 1507 969 1581 Hierarobiae
992 1508 1122 1606 Papalis
1146 1508 1269 1581 instru-

133 1641 243 1702 menta
266 1629 326 1701 ista
346 1643 445 1729 atque
465 1629 679 1720 adminicula,
704 1631 773 1729 ipsa
797 1631 881 1705 duce
903 1629 1128 1706 demonstrant
1144 1656 1182 1706 aa
1195 1655 1269 1704 ma-

132 1753 233 1850 gistra
256 1753 411 1825 Historia.

180 2001 303 2073 Verum
330 2000 411 2074 haec
440 2003 639 2099 generaliora
666 2019 774 2095 erant,
799 2005 841 2078 ad
873 2030 949 2079 eum
983 2019 1073 2080 certe
1109 2006 1248 2094 modun,

133 2134 170 2193 ut
203 2148 267 2194 nan
301 2121 403 2194 solam
429 2123 584 2196 Auctoris
613 2138 798 2223 spectarent
821 2128 971 2200 Patriam.
1023 2127 1126 2202 Aliud
1151 2141 1246 2203 autem

131 2244 261 2342 scripsit
289 2245 382 2342 Opus
404 2270 442 2318 ao
472 2245 556 2318 binis
583 2246 736 2347 deinceps
757 2251 909 2324 Partibus
930 2250 1093 2325 edendum
1117 2251 1240 2339 curavit,

130 2367 219 2466 quod
249 2381 379 2440 nostrae
412 2368 599 2466 singulatim
630 2372 798 2445 Ecclesiae
830 2397 905 2445 cum
934 2373 1035 2447 rebus
1067 2373 1241 2472 legibusque

130 2493 339 2589 conjunctum
365 2505 425 2565 est.
477 2495 579 2591 Cujus
608 2520 648 2568 en
674 2495 744 2568 Tibi
771 2496 1031 2594 inscriptionem:
1069 2498 1128 2570 Jos
1149 2495 1240 2570 Ecclc·

123 2681 280 2690 -—-—-—-

168 2801 214 2870 (1)
234 2799 296 2852 Non
320 2800 439 2864 Sanctae,
465 2802 510 2854 sed
533 2801 608 2854 vitoe.
650 2800 733 2866 Quod
759 2801 849 2858 dicere
875 2813 1056 2861 consueverat
1082 2806 1162 2879 ipse;
1187 2810 1242 2861 teste

132 2899 349 2966 Oosterzeo,
370 2899 389 2952 l.
411 2899 431 2952 l.
452 2918 480 2971 p.
505 2906 568 2954 175.

168 3001 215 3070 (2)
235 2997 438 3054 Nederlandioe
461 2997 610 3070 inscriptae
630 3006 695 3053 sunt
718 2999 920 3071 disputationes
943 3002 1027 3073 (quae
1046 3010 1161 3058 exstant
1177 3002 1243 3057 Arci.

129 3099 195 3153 Vol.
207 3099 232 3166 Ι,
248 3117 277 3170 p.
290 3103 449 3165 aaa-334,
461 3106 489 3152 et
499 3097 564 3152 Vol.
577 3097 635 3153 III.
647 3117 676 3169 p.
690 3101 871 3169 ott-750)=
898 3102 1122 3172 Verqeltj'lcinyder
1130 3106 1247 3166 naama

128 3200 201 3252 tbnna
220 3200 246 3252 in
264 3201 377 3269 werbinp
394 3201 474 3270 aq'rrda
491 3199 651 3268 Europescba
668 3197 838 3254 Corcordatea
856 3217 887 3254 an
908 3200 1197 3268 Camaracum-Bellen,
1209 3206 1248 3255 rna

127 3299 168 3352 die
186 3315 236 3351 aaa
254 3298 412 3352 Nedcrload.
435 3332 465 3338 -
488 3297 570 3351 Prior
589 3296 741 3368 disputatio
761 3314 845 3368 quum
865 3315 882 3351 a
898 3297 967 3352 Viro
987 3300 1071 3354 docto
1096 3299 1248 3355 Germanica

127 3414 261 3452 conversa
280 3403 369 3463 esset,
387 3395 468 3467 hujus
482 3396 589 3450 monita
608 3413 665 3449 non
685 3394 762 3448 nulla
781 3394 895 3450 alterius
914 3396 1112 3468 disputationis
1132 3396 1161 3452 in
1180 3413 1251 3453 usum

128 3513 157 3550 se
175 3496 325 3550 contulisse
344 3497 425 3550 docet
447 3495 562 3549 Auctor.
604 3494 718 3550 Utinam
740 3494 858 3564 symboli
878 3511 987 3566 semper
1005 3496 1182 3551 meminerint
1199 3513 1251 3552 om·

128 3611 187 3661 nes,
209 3595 284 3665 quod
303 3592 541 3665 interpretationis
560 3599 654 3646 exstat
673 3591 701 3644 in
728 3592 839 3646 fronte:
872 3591 1041 3649 Concordiren
1064 3596 1142 3649 hamat
1164 3595 1254 3652 Vertic-

127 3695 192 3748 ran!
203 3724 238 3734 -
247 3692 352 3747 Varum
365 3692 496 3746 monendi
510 3699 574 3746 sunt
592 3691 709 3746 lectores
723 3699 754 3746 ut
768 3697 884 3763 utraque
902 3692 953 3746 hae
967 3709 1028 3746 cum
1041 3693 1254 3765 Rayaardsii

128 3791 316 3864 disputatione
326 3792 437 3846 tertiam
447 3797 618 3865 comparent,
628 3795 729 3844 a.1841
742 3790 777 3844 ab
786 3808 820 3845 eo
833 3790 946 3859 editam,
956 3770 1065 3847 doctam
1076 3793 1160 3848 etiam
1170 3793 1256 3866 ipsam

127 3907 160 3945 ac
179 3890 336 3962 copiosam,
363 3907 434 3962 quae
453 3889 627 3944 inscribitur:
655 3889 774 3959 Epistola
793 3892 829 3943 ad
848 3891 881 3943 cl.
902 3890 1173 3958 Dea-Texium,
1195 3909 1257 3963 qaae

127 3993 164 4045 art
173 3990 303 4060 juridicos
324 3990 398 4058 topos
415 3990 569 4059 quaestiones
587 3989 697 4057 refertar
711 3990 742 4042 de
761 3987 915 4042 Concordato
932 3988 1136 4044 Nadarlandiam
1152 3992 1217 4046 inter
1234 3999 1256 4046 ct

125 4091 227 4160 Papam
246 4088 399 4142 Romanam.
440 4086 490 4142 cui
506 4087 651 4158 epistolae,
674 4104 744 4158 quae
764 4087 825 4142 Viri
843 4087 896 4142 sibi
916 4089 1072 4144 amicissimi
1090 4092 1255 4146 sententiam

124 4188 281 4245 humaniter
299 4187 434 4242 refutaret
459 4185 575 4257 ejusque
593 4186 621 4240 in
642 4187 826 4259 Ephemeride
845 4189 1046 4256 collocaretur,
1067 4191 1258 4263 (Raytspalccrd

125 4290 230 4360 Brj'blod
245 4297 279 4343 tot
292 4291 323 4343 de
337 4287 445 4342 Nedcrl.
459 4286 552 4340 Jaarb.
571 4303 631 4340 onor
645 4287 686 4342 bet
703 4279 782 4356 Raqt,
798 4287 864 4342 Vol.
878 4287 936 4342 ΙΙΙ.
957 4308 987 4361 p.
1002 4295 1056 4345 249
1070 4294 1151 4364 sqq.)
1164 4299 1256 4364 aptam

127 4404 192 4442 sane
218 4396 350 4444 tesseram
370 4385 530 4459 adscripsit:
555 4386 660 4441 Amicam
682 4387 774 4457 Plato,
804 4389 1050 4462 animaduersam,
1074 4391 1158 4461 inopia
1175 4392 1257 4447 amica

131 4486 239 4541 Veritas.
