2782 4958
127 310 169 373 at
616 328 769 372 nanniano

126 499 242 573 babuit
261 500 433 599 sociosque
452 502 594 571 Iuvenes
611 499 813 572 academicos
837 496 1095 588 laudatissimus,
1115 499 1254 597 ejusde·

125 648 238 697 omnes
260 622 449 721 disciplinae
468 647 579 695 amore
597 624 798 720 conjunctos.
849 622 914 707 Qui
938 621 1037 719 igitur
1058 624 1091 695 in
1113 624 1246 702 fructuo-

125 774 198 821 sum
230 747 361 847 aliquod
392 772 463 820 sese
492 753 712 844 aggregarunt
740 744 946 830 sodalitium,
975 748 1028 820 cui
1056 747 1140 821 Utile
1166 751 1244 824 Dulo'

128 898 193 944 non
216 871 318 969 magis
344 895 461 944 nomen
484 882 564 954 erat,
585 894 682 968 quam
710 868 852 941 laustum
875 893 980 941 omen.
1025 871 1130 969 Cujus
1144 871 1235 969 ipsius,

126 995 182 1095 qui
206 994 298 1067 statis
320 993 528 1066 habebantur
551 992 770 1088 temporibus,
793 1005 975 1065 conventus
993 1006 1027 1066 et
1051 993 1235 1068 exercitatio·

127 1144 185 1192 nes
211 1134 244 1192 et
270 1118 392 1190 amicae
422 1115 658 1215 disputationes
682 1140 784 1215 quum
819 1115 907 1200 aliis,
935 1128 1004 1188 tum
1039 1116 1187 1214 Collegae
1207 1118 1235 1191 ad

127 1242 229 1316 laetos
251 1242 282 1314 iu
307 1239 441 1312 historia
462 1239 599 1337 aliisque
624 1236 781 1309 doctrinis
803 1261 995 1333 progressus
1017 1238 1179 1313 faciendos
1197 1239 1235 1313 sti

127 1367 233 1439 mulos
257 1363 452 1439 addiderunt
480 1376 513 1434 et
538 1361 725 1458 adjumenta
750 1359 1004 1458 suppeditarunt
1032 1360 1044 1458 (
1073 1362 1097 1460 ).

177 1984 271 2069 Quae
297 1983 407 2058 adhuc
434 1984 575 2057 diximus
603 1982 733 2058 minime
760 1983 927 2081 vulgarem
955 1984 1148 2056 Hr'storr'cam
1171 1985 1241 2066 loro,

128 2105 162 2178 id
186 2122 274 2180 certe
307 2108 333 2180 si
359 2122 483 2206 ageret,
512 2106 817 2206 Royaardsium
844 2133 977 2206 sperare
1006 2133 1066 2180 nos
1087 2106 1239 2205 jubebant.

127 2230 318 2304 Praesertim
338 2257 438 2332 quum
454 2230 623 2305 accederet
635 2232 684 2304 vis
697 2232 805 2321 itroire,
821 2257 919 2331 quam
929 2255 1112 2330 promovere
1128 2229 1241 2330 quiden

129 2370 256 2453 posset,
293 2370 427 2429 auctore
456 2356 657 2444 Horatio,
691 2355 847 2443 doctrino,
880 2362 947 2454 qua
982 2381 1061 2428 vero
1090 2353 1244 2428 deficiente

54 2466 56 2472 ¹
129 2501 190 2550 nec
221 2476 368 2551 doctriua
395 2478 571 2578 quicquam
600 2477 759 2551 effecisset
783 2504 843 2550 nec
869 2478 1086 2551 sanstissimae
1110 2499 1247 2578 quaeque

130 2598 271 2671 ineuntis
294 2599 409 2672 aetatis
434 2601 703 2699 opportunitates.
742 2603 864 2673 Verum
886 2601 975 2699 spei,
995 2604 1146 2699 quamvis
1168 2626 1248 2698 mag·

129 2746 208 2812 nae,
238 2724 388 2821 superior
421 2723 482 2797 tuit
511 2724 625 2798 exitus.
677 2723 775 2810 Quod
805 2750 868 2796 uon
908 2731 1048 2797 oratorie
1077 2723 1171 2811 dico,
1203 2719 1251 2796 sed

129 2845 267 2920 candide
285 2872 323 2919 ac
345 2846 542 2945 simpliciter.
582 2850 694 2934 Certe,
718 2848 744 2919 si
767 2848 841 2947 quis
857 2848 933 2932 luit,
955 2848 1012 2947 qui
1038 2847 1175 2920 alterum
1192 2870 1253 2918 eum

128 2965 214 3039 nobie
247 2970 475 3044 Heusdium
499 2972 642 3066 futuram
668 2996 739 3045 esse
769 2970 945 3069 praedixit,
973 2996 1038 3043 non
1072 2997 1177 3043 vanus
1209 2967 1255 3041 ille

129 3103 221 3163 vates
241 3098 402 3192 apparuit.
455 3096 562 3181 Quam
589 3097 673 3168 viam
702 3095 786 3167 enim
810 3120 849 3166 ac
874 3092 1031 3166 rationem
1057 3094 1254 3191 ingentium

129 3217 203 3289 latis
230 3217 428 3290 illustrandis
460 3218 505 3316 (in
526 3219 692 3306 Historia,
716 3243 813 3317 quam
844 3216 942 3314 vulgo
971 3231 1104 3305 vocant,
1133 3217 1257 3288 arcivar-

129 3339 205 3439 solt)
229 3341 367 3414 eximius
392 3343 574 3440 praeiverat
603 3342 813 3440 Praeceptor,
843 3339 978 3413 eandem
1008 3340 1039 3411 in
1061 3339 1185 3412 Christi
1205 3341 1258 3412 So·

130 3464 255 3536 cietatis
281 3465 422 3538 Historia
455 3465 644 3538 illustranda
675 3464 917 3538 laudatissimus
942 3465 995 3536 hic
1028 3465 1099 3562 ejus
1127 3477 1258 3537 secutus

130 3602 181 3661 est
208 3589 405 3687 Discipulos.
466 3590 560 3675 Quae
592 3588 693 3674 illius,
731 3588 843 3661 eadem
885 3588 978 3685 lajas
1019 3587 1260 3688 disquisitiones

132 3710 252 3785 Critico
286 3711 517 3785 moderabatur
549 3738 587 3784 ao
622 3712 835 3811 Philosophia.
902 3712 1005 3809 Cujus
1039 3712 1085 3784 rei
1123 3713 1258 3811 primam

130 3835 275 3908 omnium
304 3849 415 3909 testem
444 3836 568 3909 advoco
597 3835 836 3933 inauguralem,
868 3860 967 3934 quam
1002 3860 1029 3906 a.
1068 3838 1164 3912 4823
1200 3837 1259 3909 ha-

130 3990 276 4004 .-

170 4084 216 4155 (t)
235 4083 328 4138 Hocce
343 4083 377 4136 do
391 4081 528 4137 Sodalitio
542 4081 658 4154 ejusque
672 4083 707 4137 de
727 4080 808 4136 sociis
823 4079 878 4135 vid.
892 4080 1087 4153 praecaeteris
1103 4080 1259 4149 Kistiuo,

132 4182 151 4236 l.
173 4183 193 4236 l.
215 4201 241 4255 p.
266 4188 298 4236 10
318 4200 361 4254 sq.
401 4181 456 4238 Ubi
475 4180 541 4236 bina
559 4181 643 4236 etiam
663 4181 749 4253 ipsius
768 4180 857 4235 Amici
877 4179 965 4235 nostri
985 4178 1090 4252 scripta
1109 4198 1261 4237 memoran-

132 4292 186 4349 tur,
209 4283 282 4336 unde
311 4281 409 4354 quenti
428 4281 581 4335 litteratam
609 4281 796 4335 benefecerit
816 4279 984 4335 Societatem
1013 4280 1121 4352 liquido
1140 4288 1260 4336 constat.

133 4382 279 4437 Caeterum
297 4382 344 4435 vix
364 4399 433 4454 opus
451 4390 495 4435 est
511 4398 632 4448 monere,
648 4381 724 4452 quod
738 4379 960 4448 memoravimus,
979 4379 1039 4451 ejus
1056 4381 1213 4452 symbolum
1227 4399 1260 4435 ex

130 4483 274 4538 Horatiano
284 4483 332 4538 illo
348 4485 520 4538 decurtatum
537 4499 612 4538 csse:
633 4483 710 4538 Omne
724 4482 781 4536 tulit
789 4490 920 4552 penetrem,
934 4483 980 4553 qui
993 4483 1094 4536 ratiscur't
1111 4483 1171 4537 attilo
1186 4482 1260 4536 dulci.
