2782 4958
127 338 169 399 ld
622 360 773 402 mannaim

127 522 178 594 sii
200 521 249 619 (l)
278 546 331 610 ac,
360 535 524 620 postremo
554 523 685 597 tandem
704 524 790 597 vitae
816 536 973 624 tempore,
995 524 1130 596 Baronis
1148 525 1227 598 llar-

126 645 317 737 Dpornii‚
345 646 495 745 Capeliae
522 646 741 720 Occidentalis
766 646 956 746 Toparuhae
976 645 1040 744 (2),
1068 670 1120 719 res
1145 661 1228 744 gestas

127 771 302 842 memoriae
330 770 470 868 prodidit
502 797 541 844 ac
574 774 690 846 merita
712 773 898 847 celebravit.
950 775 1041 845 llaec
1072 772 1153 844 enim
1175 772 1230 843 lectt

124 896 269 992 placent,
290 895 388 967 decies
412 898 545 994 repetito
568 897 742 995 placebunt.

178 1143 242 1217 Sed
266 1144 399 1217 forsitan
424 1143 603 1217 verendum
630 1158 679 1218 est
702 1145 780 1217 mihi
804 1170 846 1218 ne
870 1144 912 1217 ab
935 1143 1085 1216 instituto
1106 1143 1231 1216 aberrare

128 1269 256 1358 videar,
291 1295 393 1368 quum
430 1294 515 1368 quae
547 1268 694 1368 proxima
728 1268 855 1342 narravi
892 1268 934 1340 ab
971 1268 1116 1339 Historid
1147 1264 1231 1366 paullo
1276 1326 1279 1365 Ξ

128 1392 300 1464 remotiora
326 1391 392 1462 sint
424 1389 585 1462 Ecclesiae
609 1389 882 1480 Nederlacdicoc,
909 1389 950 1464 de
973 1397 1041 1490 qud
1073 1389 1231 1486 singulatim
1275 1372 1279 1489 l

128 1540 227 1613 quam
246 1513 412 1612 praeclare
432 1515 567 1586 meritus
583 1513 627 1586 sit
647 1514 941 1612 Royaardsius
962 1512 1231 1587 demonstrarem

130 1660 290 1735 ceperam.
339 1638 548 1736 Quamquam
585 1660 671 1735 quae
707 1636 749 1710 de
782 1637 976 1711 Heusdio
1008 1663 1071 1710 suo
1101 1637 1231 1725 dirit,et
1277 1722 1279 1739 Ι

128 1760 284 1831 Historiae
308 1772 340 1832 et
369 1758 551 1857 Theoloqioe
575 1758 781 1858 Pocdoqopo,
807 1761 977 1834 arctiorem
1004 1784 1080 1833 cum
1103 1759 1156 1832 itu
1172 1782 1232 1831 cou-

125 1883 329 1980 junctionem
353 1882 497 1974 habent,
525 1907 646 1981 quam,
676 1909 763 1983 quae
788 1884 923 1958 adeam
948 1885 1048 1982 vulgo
1072 1883 1179 1957 relerri
1197 1880 1231 1953 ri·
1277 1964 1279 1971 ¹

127 2008 264 2096 demus,
295 2006 357 2079 alia
389 2006 499 2079 multa.
552 2006 663 2105 Atque
693 2008 726 2078 in
750 2009 1053 2081 Van-Duornio
1082 2006 1233 2106 capotius

129 2130 291 2219 laudavit,
315 2154 401 2228 quae
426 2128 467 2201 ad
490 2129 558 2201 Viri
583 2129 716 2201 illustris
740 2128 879 2202 indolem
904 2130 1163 2228 cognoscendam
1179 2152 1234 2227 per·

130 2251 277 2326 tinebant
304 2252 470 2351 animique
497 2251 668 2347 pietatem,
696 2275 807 2349 quam,
830 2276 915 2351 quae
940 2277 960 2324 a
985 2276 1158 2325 munerum
1180 2274 1233 2322 an·

131 2375 292 2476 plitudine
315 2375 517 2448 extrinsecus
538 2374 584 2445 illi
609 2388 823 2465 accesserant,
846 2389 1046 2449 ornamenta.

178 2502 301 2572 Verum
327 2523 405 2595 age,
432 2524 471 2572 eo
492 2499 536 2570 ita
556 2502 621 2595 jam
649 2497 837 2590 redeamus,
862 2513 899 2571 ut
924 2499 1074 2598 quaeda
1097 2499 1237 2572 Ecclesiae

129 2622 290 2720 cequcdoa
313 2623 435 2693 retiam
467 2622 620 2695 historice
646 2621 814 2695 tradiderit
845 2623 1059 2696 attendamus.
1112 2626 1191 2700 Nam
1209 2621 1239 2694 dc

130 2749 219 2820 doris
239 2746 435 2817 ecclesiastici
452 2747 583 2843 proprie
602 2745 690 2817 dicta
709 2744 878 2844 disciplina
901 2747 1109 2846 postmodum
1133 2745 1241 2821 videbi·

130 2896 212 2943 mus.
264 2869 409 2941 Primum
434 2869 548 2965 igitur,
574 2869 729 2966 temporis
754 2868 900 2942 ordinem
923 2870 1058 2960 secutis,
1086 2871 1140 2944 hlc
1164 2869 1242 2944 nobis

129 2995 210 3066 Acta
234 2992 266 3063 in
296 3016 431 3064 censum
457 2992 593 3065 veniunt
616 2991 740 3090 Synodi
761 2992 922 3081 Gelricoe,
953 3018 982 3066 a.
1009 2997 1103 3066 teau
1129 2993 1243 3067 Horde-

128 3116 228 3188 rovici
252 3114 391 3203 habitae,
425 3127 517 3211 atquc
549 3113 589 3185 ab
625 3116 666 3185 aa
696 3113 832 3210 probata
864 3138 901 3186 ac
934 3116 1097 3188 constituto
1129 3115 1244 3190 Gclricc

129 3241 381 3337 Refimmotorum
406 3237 565 3308 Ecclesiae
596 3237 773 3310 Ordinatio.
825 3238 915 3311 Haec
938 3239 1040 3328 enim,
1068 3264 1155 3338 quae
1174 3234 1244 3311 ede-

129 3377 242 3437 rentur
258 3361 461 3460 dignissima,
480 3373 513 3431 et
534 3359 660 3458 primus
679 3361 847 3458 evulgavit
865 3361 1002 3434 Amicus
1025 3376 1058 3435 et
1081 3361 1244 3461 praemisso

129 3487 257 3586 aperuit
278 3487 415 3558 Introitu
441 3497 474 3556 et
498 3484 835 3558 animaduersionibus
854 3486 1046 3571 illustravit,
1070 3486 1244 3584 ubicunque

130 3635 215 3709 opus
240 3608 431 3695 videbatur,
459 3605 624 3705 adjectis(
650 3608 675 3706 )

178 3733 243 3806 Sed
267 3745 439 3831 susceptae
465 3729 604 3830 turpiter
629 3728 774 3804 deessem
794 3731 998 3830 provinciae,
1019 3733 1079 3804 nisi
1106 3731 1242 3806 hocloco

134 3912 315 3925 ...αι-«ιιι...

129 4005 265 4062 Omnibus
291 4006 327 4059 ad
344 4005 493 4076 legendum
512 4003 746 4070 commendanda,
768 4003 816 4075 qui
836 4021 967 4076 magnum
986 4002 1064 4058 illum
1085 4004 1241 4062 Schr'o'de·

86 4120 90 4128 ·
125 4122 201 4162 rum
221 4104 336 4161 interius
355 4120 523 4176 cognoscere
542 4103 665 4175 cupient,
687 4103 882 4159 commentatio
901 4104 1044 4160 historica.

165 4208 210 4280 (1)
230 4207 265 4261 In
281 4205 414 4259 Societotis
427 4204 503 4258 Laid.
516 4220 565 4273 pro
578 4203 669 4258 Litter.
684 4203 845 4259 Nederlcnd.
859 4203 942 4273 Actis,
954 4205 990 4260 ad
1005 4223 1032 4260 a.
1048 4211 1130 4277 1849,
1143 4207 1240 4264 Vicum

126 4326 156 4379 p.
180 4311 299 4362 eu-ee,

165 4406 211 4478 (2)
231 4406 334 4460 Iisdem
354 4404 383 4459 in
402 4404 485 4472 Actis,
506 4403 542 4456 ad
564 4408 646 4471 1853,
672 4403 788 4458 Vitcrcm
806 4424 835 4479 p.
858 4410 981 4460 81-99.

163 4508 210 4579 (3)
229 4507 296 4563 Vid.
318 4507 397 4561 Arcti.
418 4504 484 4561 Vol.
506 4504 543 4559 X.
566 4523 593 4576 p.
618 4510 774 4560 161-181.
