2782 4958
590 365 766 410 rnnouocrs.
1180 349 1241 410 145

105 535 150 601 rbi
178 534 350 621 explicabat
372 534 531 619 epistolas,
548 537 590 600 ·si
614 536 734 620 quidem
761 534 922 621 isapopicis
945 535 1118 600 discesseris
1140 558 1156 600 a
1179 537 1239 601 dis·

105 649 334 733 [uisitionibum
357 654 418 738 tam
442 649 576 714 crebram
600 671 657 713 nec
680 656 740 714 tum
764 656 896 734 paratam
920 650 1030 714 Virum
1053 651 1236 736 ingeniosis-

104 767 211 831 imum
245 764 426 848 corripiendi
457 770 545 847 atque
577 765 749 849 exagitandi
780 765 1033 849 opportunitatem
1065 763 1238 828 inveniebat

105 880 166 960 le,
196 900 289 964 quem
312 877 395 942 nullo
418 879 497 942 vitae
520 882 654 963 tempore
674 879 885 962 conquiescere
901 879 966 962 ejus
981 879 1114 942 animum
1131 877 1236 941 sivisse

105 994 289 1068 sonuimus,
308 1014 450 1077 praeceps
467 992 654 1056 immoderati
678 993 867 1077 Scepticismi
891 995 1124 1077 Kurobatpmr·
1174 990 1236 1062 Qui

106 1130 255 1193 uuquam
279 1109 351 1172 alias
373 1107 582 1172 vehementius
604 1128 673 1172 cum
697 1109 863 1186 insectatus
885 1129 949 1170 esse
972 1106 1094 1171 videtur
1114 1127 1148 1169 ac
1166 1127 1236 1190 pro·

106 1224 234 1304 ulisse,
261 1244 351 1307 quam
373 1220 426 1285 ubi
450 1245 467 1285 a
488 1222 690 1285 Struusaio
714 1243 817 1287 recens
843 1221 924 1284 edita
954 1220 1024 1284 Vita
1046 1223 1123 1288 Jesu
1146 1242 1238 1284 novus

107 1338 258 1402 ubitandi
293 1337 469 1401 certissimis
499 1336 536 1400 dc
568 1336 791 1401 narrationibus
824 1335 980 1400 illecebras
1003 1340 1139 1400 veterum
1163 1335 1236 1400 liuic

105 1453 274 1538 bjeceruut
295 1451 547 1515 Academicorum
570 1451 698 1515 aemulo.
746 1450 866 1522 Quibus
889 1450 1046 1514 vincendis
1068 1451 1237 1514 irritamen·

105 1569 135 1630 is
168 1568 315 1650 imperem
345 1587 413 1630 eum
437 1566 603 1630 reddidisse
634 1567 765 1654 videtur
783 1567 819 1628 ad
853 1563 1067 1651 ambigendum
1102 1587 1136 1629 ac
1158 1565 1236 1628 fluc-

106 1680 248 1746 uaudum
283 1684 388 1764 sponte
418 1682 582 1765 composita
612 1693 741 1759 natura,
781 1701 875 1764 quae,
910 1683 1090 1764 quicunque
1117 1679 1237 1744 taudem

105 1800 163 1858 ‚rte
188 1799 243 1858 aut
265 1793 404 1857 machine
427 1795 567 1878 eapulso,
593 1795 806 1880 terrenusque
827 1796 955 1860 redibat.
989 1796 1069 1859 Num
1091 1794 1239 1878 ejusmodi

105 1913 146 1972 est
181 1913 346 1992 utrumque
381 1909 462 1972 inter
492 1908 675 1993 Scriptorem
709 1893 867 1984 affinitas,
889 1913 924 1972 ut
953 1929 991 1971 ne
1022 1908 1239 1973 disertissimus

105 2023 225 2108 puidem
258 2023 366 2108 aliquis
395 2023 575 2107 interpretis
598 2018 772 2088 Advocaius
801 2043 903 2098 corum
925 2020 1054 2086 Critices
1077 2022 1238 2106 Areopago

105 2137 278 2222 :alumniae'
293 2157 377 2202 reum
400 2159 489 2222 agere
512 2139 607 2222 possit
638 2138 815 2213 Censorem,
839 2137 910 2221 qui,
943 2157 1004 2199 uon
1027 2136 1070 2198 ita
1094 2135 1148 2198 diu
1170 2136 1239 2218 post

106 2252 184 2316 llius
212 2253 249 2316 de
278 2250 357 2315 libro
387 2252 534 2329 referens,
565 2255 597 2318 ct
620 2251 677 2315 ulia
700 2258 731 2315 et
754 2250 827 2315 haec
858 2251 988 2314 monuit.
1039 2248 1160 2314 »Nemo
1184 2250 1238 2312 ad·

105 2365 222 2449 ·tec,”
245 2368 357 2451 iuquit,
385 2367 588 2431 »Strausaii
612 2368 650 2430 de
670 2367 777 2429 caused
792 2365 967 2430 senteutiam
986 2341 1087 2426 tulisse
1103 2363 1236 2442 videtur,

105 2482 207 2567 majus
239 2483 378 2559 acimum
408 2481 605 2545 uehementius
635 2481 827 2544 commoverit
852 2477 935 2543 iliius
958 2499 1033 2563 epus
1056 2498 1091 2541 ac
1114 2497 1237 2540 coacue-

105 2596 215 2670 =serit,
250 2617 344 2679 quam
372 2593 651 2657 *De-Wcttius.
702 2593 753 2657 Ab
784 2592 838 2656 iilo
869 2592 951 2658 euim
980 2591 1027 2655 tic
1050 2601 1077 2655 et
1099 2611 1176 2676 quae
1199 2593 1238 2656 de

105 2709 263 2772 -uuiversa
285 2708 360 2771 dicit
386 2707 629 2794 Euaupeliorum
652 2708 771 2786 indole,
805 2717 832 2772 et
860 2728 938 2792 quae
960 2708 998 2770 de
1020 2705 1235 2790 amputarem,

105 2845 200 2908 squas
222 2824 389 2886 memoriae
410 2824 564 2907 proderet,
600 2811 816 2890 narrationum
838 2821 966 2906 mythico
994 2819 1168 2884 charactere
1191 2818 1238 2902 af·

105 2939 241 3024 -Jtrmat,
267 2937 356 2999 duait
382 2958 418 3000 aa
436 2937 570 3021 repetiit.
619 2935 722 3021 Atque
746 2935 878 3021 ejusdem
898 2955 935 3000 eu
955 2933 1091 3019 euemplo
1115 2955 1150 2998 ac
1162 2933 1236 3018 fou·

105 3051 202 3115 ntibus
228 3061 256 3116 et
285 3061 532 3135 arpurneutorum
563 3049 811 3136 irp‘ormatiouem
839 3071 905 3113 eum
930 3048 1064 3113 hausisse
1084 3057 1235 3132 apparet,

105 3187 176 3230 suec
197 3187 338 3250 paucas,
362 3165 470 3249 quibus
496 3186 533 3230 ea
556 3165 704 3248 amplicat,
734 3164 906 3228 locutiones.
955 3161 1022 3227 Nec
1046 3173 1156 3241 tamen,
1187 3162 1242 3226 ubi

105 3290 218 3344 »tetam
237 3277 309 3364 sere
328 3277 496 3364 Euaupelii
518 3278 676 3343 batumum
703 3277 911 3364 labefactandi
927 3269 1028 3366 atque
1055 3279 1087 3339 iu
1107 3275 1240 3359 fabulas

105 3393 315 3457 »conuerteudi
344 3393 477 3456 studium
503 3391 593 3455 Vitae
627 3392 702 3455 Jesu
728 3393 838 3476 prodit
859 3393 996 3466 Auctor,
1026 3391 1160 3454 comitem
1191 3388 1238 3452 illi

105 3528 185 3572 nsese
209 3507 264 3570 dat
290 3505 461 3590 sociumque
492 3507 676 3569 moderatior
695 3506 741 3570 lic
773 3502 966 3589 Interpres.'’
992 3539 1032 3550 -
1066 3501 1149 3565 Haec
1176 3501 1238 3564 fere

105 3621 229 3693 Censor,
252 3620 339 3702 cujus
354 3620 453 3686 omnis
468 3618 585 3700 relatio,
605 3619 685 3684 uude
700 3640 794 3704 pauca
809 3623 928 3682 tautum
944 3616 1158 3700 excerpsimus,
1178 3635 1238 3698 quo

105 3720 232 3818 plenius,
258 3754 347 3816 quam
365 3732 535 3818 attigimus,
557 3754 660 3798 caussa
680 3741 891 3819 cognoscatur,
914 3732 1095 3797 consulenda
1111 3735 1156 3794 cst
1173 3730 1234 3813 (1).

147 3846 262 3912 Christi
286 3847 384 3932 igitur
407 3847 440 3909 in
465 3847 590 3911 historia
619 3849 821 3912 Strauszio
852 3849 943 3912 nimis
973 3870 1060 3931 saepe
1085 3853 1151 3910 tam
1175 3867 1237 3910 cre·

106 3960 210 4026 dutum
240 3982 305 4028 sese
334 3959 473 4045 praebuit
501 3962 691 4041 auditorem,
722 3968 758 4026 ut
785 3963 948 4047 optandum
978 3983 1047 4025 sane
1071 3960 1239 4023 fuissetne

108 4095 238 4160 unquam
270 4074 363 4140 hoccc
395 4096 464 4140 cum
487 4076 643 4162 Pyrrhone
676 4077 799 4161 ejusque
826 4098 898 4140 cum
929 4075 1008 4139 libro
1040 4096 1125 4155 eam,
1150 4093 1239 4155 quam

116 4246 260 4258 ψ..

131 4333 183 4413 ¹(l)
204 4333 313 4402 eopiosa
335 4340 396 4388 haec
414 4347 498 4390 exstet
516 4355 623 4390 censura
646 4341 672 4390 in
695 4340 870 4391 Tholuckii
888 4311 993 4390 Literar.
1016 4337 1145 4402 Auzeiqer,
1166 4337 1196 4385 ud
1214 4352 1238 4384 u.

117 4430 185 4490 1837,
205 4429 254 4480 ΝΟ.
274 4435 383 4479 44-47.
1211 4424 1214 4438 ¹

1063 4528 1103 4588 10
