2828 4950
464 383 469 387 .
521 348 560 394 nr
583 351 687 394 nrasrs
710 349 907 396 nrnrmours.
1217 336 1295 398 1091

143 521 207 582 tem
232 515 376 582 audimus
407 517 602 582 Gasninm.
652 519 721 582 Alia
736 518 854 598 multa,
887 539 964 602 quae
989 517 1116 583 forsitan
1140 520 1279 605 graviora

144 633 235 696 etiam
259 631 311 696 alii
333 629 499 707 habebunt,
524 632 622 696 sciens
643 633 833 718 prudensque
856 632 1075 717 praetermitto.

137 968 141 973 ’
188 967 306 1033 Verum
332 968 738 1034 Schleiermachornm
768 969 917 1052 imprimis
947 967 1065 1051 plenius
1096 989 1278 1054 cognoscere

142 1081 256 1146 multos
275 1079 405 1166 juvabit,
430 1102 559 1166 eumque
580 1102 641 1145 non
663 1083 697 1144 in
720 1081 827 1145 mundi
849 1081 979 1158 theatro,
1005 1081 1057 1146 scd
1080 1084 1230 1147 amicitiae
1245 1085 1279 1149 iu

140 1210 271 1268 secessu,
294 1193 467 1278 loquentem
489 1194 606 1276 audire,
638 1193 692 1259 ubi
711 1194 941 1258 'familiarissimi
971 1194 1102 1260 hominis
1132 1197 1215 1263 velut
1243 1199 1278 1263 in

141 1309 243 1372 sinum
267 1328 374 1372 arcana
397 1329 450 1373 sun
472 1307 549 1372 nibil
572 1309 704 1372 reticens
725 1330 811 1372 sensa
834 1309 963 1373 affundit
985 1331 1020 1373 ac
1042 1311 1186 1395 cogitata.
1213 1309 1277 1383 Qui

141 1425 241 1509 igitur
271 1422 364 1486 hocce
394 1424 426 1486 in
456 1423 601 1486 fasciculo
633 1421 729 1487 libere
755 1422 946 1506 judicantem
971 1446 1039 1489 cum
1071 1426 1218 1491 videbunt
1232 1427 1278 1491 dc

140 1539 245 1623 magni
268 1535 398 1602 nominis
421 1536 610 1621 aequalibus,
642 1536 753 1621 quibus
776 1536 980 1622 val-Collegis
1010 1540 1188 1604 academicis
1211 1546 1278 1605 nte·

91 1716 94 1721 .
140 1651 243 1728 batur,
269 1651 316 1716 vel
340 1652 456 1728 amicis,
480 1651 528 1716 vel
557 1652 699 1717 inimicis.
744 1653 886 1731 Breviter
908 1655 960 1717 aad
983 1660 1090 1740 arguta
1120 1659 1278 1722 notissima

141 1788 279 1855 quaeque
308 1789 397 1852 opera
426 1766 598 1852 theologica
628 1771 800 1831 censentem
813 1788 893 1831 eum
924 1769 1180 1851 animadvertent,
1213 1772 1276 1837 Er-

140 1879 333 1944 nestinam
360 1882 540 1966 interpretis
562 1880 608 1945 N.
637 1882 920 1956 dilucidationem,
946 1880 1189 1946 Eichhornii
1221 1884 1276 1947 Ira·

139 1994 287 2077 troitum,
309 1994 509 2059 Noesselti
535 1994 708 2079 oparata,
739 1995 856 2060 Pauli
885 1994 1152 2081 Heidelbergensis
1186 1979 1275 2062 Coos*

123 2111 335 2193 'montorium
361 2109 429 2174 alia.
479 2109 594 2173 Passim
618 2109 707 2173 talem
731 2131 799 2174 eum
823 2111 1024 2194 comperient,
1048 2110 1168 2193 qualem
1182 2110 1275 2174 fuisse

141 2221 263 2287 aliunde
286 2227 414 2299 constat,
441 2221 623 2288 Dialectices
646 2245 680 2286 ac
701 2224 874 2289 dialecticae
896 2224 1072 2309 quorumvis
1095 2224 1275 2308 scriptorum
1311 2293 1316 2298 ,

139 2344 231 2423 atque
253 2338 498 2424 argumentorum
519 2336 726 2421 dispositionis
749 2341 899 2401 amantem
920 2337 1084 2403 admodum
1108 2342 1138 2400 et
1162 2337 1275 2401 studio·

138 2475 218 2518 sum.
266 2452 366 2524 Quam
386 2452 510 2515 acutum
535 2453 635 2515 animo
657 2451 858 2535 solertemque
880 2450 994 2534 'ubique
1016 2471 1085 2514 eum
1108 2450 1276 2535 deprehen-

140 2567 225 2647 dent,
258 2572 319 2631 tam
348 2566 503 2629 infirmum
526 2564 655 2630 subinde
685 2571 774 2650 atque
801 2565 967 2630 inualidum
991 2565 1116 2630 aduerat
1139 2565 1274 2650 corporis

139 2681 324 2749 valetudine.
1277 2683 1281 2690 '

183 2797 316 2862 Tandem
340 2798 378 2860 iis
401 2795 962 2885 singulatim>legendumcommendo
984 2795 1108 2871 librum,
1134 2793 1186 2877 qui
1214 2793 1272 2856 Ira·

137 2889 234 2977 lerna
248 2901 307 2976 illo
325 2897 423 2999 calent
446 2886 557 3002 amore,
590 2884 692 2995 cujus:
714 2908 824 2973 Paullo
848 2912 925 2974 leste
945 2906 1017 2992 (1),
1049 2906 1204 2993 proprium
1227 2908 1274 3003 est

138 3026 177 3095 οὐ
200 3028 327 3114 χαίρειν
350 3029 403 3092 ἐπὶ
425 3033 466 3108 τῇ
484 3025 613 3111 ἅδρκίᾳ,
638 3028 832 3112 συγχαίρειν,
848 3024 882 3090 δὲ
905 3032 945 3109 τῇ
964 3021 1133 3107 ,α’ληθείᾳῃ
1152 3018 1272 3104 Quippe

137 3138 192 3223 qni
215 3137 393 3216 nobilioris,
423 3139 476 3221 qni
498 3137 654 3222 Theologo
676 3137 785 3216 fuerit,
820 3137 912 3200 animi
936 3141 1026 3220 alque
1048 3135 1159 3199 indolis
1189 3134 1273 3198 hisce

136 3252 170 3316 in
193 3247 281 3330 Iibris
303 3273 364 3316 non
388 3250 528 3337 ambigua
552 3252 741 3337 consignata
760 3243 908 3335 reperturi
940 3250 1003 3313 sint
1027 3250 1141 3314 indicia
1155 3247 1198 3313 'ac
1221 3249 1272 3313 do·

137 3372 290 3434 cumenta.
337 3367 508 3453 Religionis
530 3367 610 3430 enim
633 3385 754 3430 sensum
777 3371 866 3450 atque
890 3385 1020 3428 amorem
1036 3369 1067 3428 et
1083 3365 1149 3427 aliis
1169 3363 1271 3427 de'e'ssc

137 3480 265 3546 candide
287 3481 482 3567 conqueritur
504 3478 691 3564 aequalibus,
720 3484 754 3557 et
776 3479 849 3563 ipsis
879 3479 965 3554 adeo,
1000 3498 1075 3561 quos
1097 3461 1192 3542 Halae
1215 3475 1271 3541 ha·

136 3583 239 3673 bebat,
265 3594 398 3679 Collegis
420 3570 628 3678 theologicis}
663 3592 749 3664 Quae
779 3572 842 3656 siaa
865 3614 952 3657 verae
982 3593 1097 3656 fuerint
1118 3590 1267 3674 querelae,

136 3709 213 3788 sive,
239 3708 318 3792 quod
343 3707 537 3787 crediderim,
570 3709 604 3770 in
627 3706 789 3772 nonnullos
811 3707 991 3790 iniquiores;
1024 3707 1056 3771 id
1087 3710 1167 3769 certe
1198 3704 1271 3768 satis

136 3821 276 3907 probant,
309 3844 452 3886 sensuum
481 3823 585 3907 pietati
609 3823 760 3906 animique
790 3823 823 3885 in
847 3823 947 3885 Deum
971 3821 1122 3886 viventem
1144 3819 1271 3884 inclina·

136 3935 214 3999 tioni
236 3932 297 4021 (2),
323 3935 396 4000 hacc
420 3937 472 4020 qni
495 3936 531 3999 ad
554 3937 694 4001 intimum
717 3935 861 4000 scriberet
884 3936 1039 4016 Amicum,
1064 3934 1192 4000 multum
1215 3934 1269 3998 tri-

137 4046 238 4112 buissc
259 4051 372 4134 ipsum.
419 4050 510 4126 Tum,
536 4056 681 4135 quantum
697 4050 766 4114 Viri
789 4051 882 4114 vitam
898 4050 1058 4114 familiares
1073 4048 1129 4113 hae
1145 4070 1182 4112 ex
1198 4068 1270 4113 vero

129 4221 277 4232 ---..-

171 4313 209 4375 (1)
231 4319 242 4365 1
263 4312 369 4364 Cariath.
388 4313 464 4364 XIII.
483 4320 507 4363 6.

172 4406 209 4469 (2)
230 4405 332 4470 Quanto
353 4407 454 4458 saniora
471 4408 542 4468 haec,
562 4421 636 4470 quam
655 4421 719 4471 quae
738 4407 763 4458 in
783 4404 932 4456 Orationibus
950 4401 977 4454 sle
994 4400 1104 4467 ralipioaa
1121 4401 1233 4453 dixerat!
