2782 4958
127 350 191 414 184
515 369 556 413 ou
578 370 678 413 uerna
699 367 861 412 onruncrrs

125 536 277 601 mendose
299 534 407 620 placita
429 535 607 617 orthodoxa,
631 537 702 600 satis
725 538 833 601 acriter
855 540 1028 623 arguerent.
1063 539 1163 622 Neque
1177 539 1240 605 enin

124 671 228 715 eorum
258 651 359 714 sensui
389 651 547 714 conciones
576 655 785 735 attemperatae
807 656 911 726 erant,
943 651 1048 734 quales
1071 653 1174 736 primis
1195 655 1241 737 jam

126 765 314 850 consignatas
343 763 485 830 videbant
515 764 693 841 Fasciculis,
725 767 762 828 de
793 766 906 829 Christi
932 767 1048 830 naturai
1078 767 1244 844 dinudat

127 879 244 943 domine
263 879 433 943 Christiano
449 879 600 965 Martyre,
622 885 712 962 atque
731 879 834 943 codem
857 881 889 943 in
912 901 1022 964 genere
1043 879 1131 944 aliae.
1157 883 1244 944 Veram

127 991 185 1056 hoc
214 992 343 1056 maxime
372 990 430 1056 sibi
460 991 660 1056 honorificum
692 992 800 1056 ducere
828 993 930 1076 potuit
960 992 1243 1068 Thereminius‚

129 1107 210 1190 quod
240 1107 353 1182 iidem,
383 1107 436 1189 qui
463 1106 558 1190 ipsius
588 1107 621 1169 in
654 1103 840 1169 orationibus
869 1105 964 1170 multa
985 1106 1244 1192 reprehendebant,

129 1222 335 1286 Rationalismi
365 1223 506 1307 patroni,
539 1222 576 1286 ad
606 1222 776 1287 auditorum
807 1224 923 1287 animos
948 1222 1105 1307 pellendos
1128 1242 1162 1285 ac
1182 1242 1247 1284 com·

128 1337 290 1400 movendos
312 1335 397 1400 valde
420 1336 653 1400 accommodatas
675 1358 724 1399 eas
744 1357 805 1399 esse
826 1337 990 1401 faterentur
1006 1343 1100 1422 atque
1118 1359 1186 1423 erga
1201 1336 1248 1399 dis·

128 1451 291 1514 sentientes
317 1448 400 1512 lenes
431 1455 462 1513 et
491 1447 627 1513 liberales
657 1452 716 1531 (l).
763 1451 803 1512 De
830 1450 971 1514 universo
999 1450 1067 1533 ejus
1096 1448 1248 1514 rationesi

129 1585 226 1626 meam
248 1565 383 1648 profiteri
412 1562 483 1627 licet
506 1564 703 1634 sententiamr
733 1562 875 1626 subtilius
896 1565 976 1627 inter
1000 1567 1204 1628 Germanorum
1222 1582 1249 1624 ac

131 1677 268 1741 floridius
292 1679 551 1760 Froncoqoltorcm
574 1678 707 1741 medium
730 1677 851 1760 aliquod
873 1676 1054 1760 sequebatur
1078 1677 1196 1740 dicendi
1208 1697 1249 1760 ga·

131 1813 206 1866 nus;
233 1792 315 1875 qnod
337 1793 369 1857 id
391 1793 581 1876 potissimum
603 1791 676 1855 boni
699 1790 816 1855 civibus
838 1789 952 1865 attulit,
978 1796 1026 1866 ut,
1045 1790 1113 1874 ejus
1131 1787 1251 1873 exemplo

132 1907 261 1982 moniti,
297 1905 535 1970 Reinhardii
566 1905 757 1988 jejunitatem
789 1926 822 1968 ac
854 1903 1039 1968 dialecticam
1075 1905 1250 1980 ariditatem,

133 2042 209 2102 quae
240 2019 351 2084 multos
382 2021 572 2085 admiratores
600 2025 685 2082 nacta
714 2025 778 2082 erat
810 2024 899 2101 atque
925 2018 1113 2101 imitatores,
1146 2019 1253 2084 laetiora

133 2134 234 2217 aliqud
256 2155 289 2197 ac
313 2135 464 2220 uegetiore
486 2132 650 2197 exhilarare
674 2133 821 2196 discerent
844 2132 987 2195 orationis
1008 2133 1160 2198 ubertate.

179 2366 286 2428 Verum
308 2363 398 2449 longe
420 2363 562 2448 majorem
586 2365 675 2428 etiam
698 2362 944 2427 Thereminii
967 2361 1005 2424 ed
1027 2382 1139 2425 nomen
1159 2356 1257 2422 nobili-

132 2478 257 2542 tandum
288 2479 351 2543 vim
381 2476 487 2542 habuit
517 2499 550 2542 ac
579 2483 764 2542 momentum
795 2477 867 2541 fecit
900 2475 1156 2562 elegantissimum
1183 2472 1257 2537 illius

133 2591 334 2676 opusculum,
367 2613 428 2675 quo
459 2590 571 2676 scripto
597 2593 741 2656 uirtutum
771 2591 844 2655 adeo
872 2592 906 2653 in
934 2611 1061 2654 numero
1090 2587 1257 2654 censendam

132 2729 193 2770 esse
205 2706 415 2790 Eloquentiam
431 2706 555 2791 probare
571 2705 734 2770 conabatur
744 2707 803 2789 (ἓ).
839 2705 882 2769 ld
898 2725 986 2788 quem
1004 2701 1258 2767 commentandum

132 2818 268 2884 libellum
291 2822 429 2885 Kantii
452 2842 521 2885 eum
548 2820 706 2906 impulerat
729 2821 762 2882 in
783 2818 1013 2904 pulcherrimam
1036 2823 1134 2881 artem
1156 2815 1259 2899 iniqui·

132 2940 189 2996 tas.
237 2935 379 3018 Princeps
402 2935 483 2998 enim
506 2933 556 2997 hio
579 2932 795 3018 Philosophus,
828 2934 881 3016 qui
904 2931 996 2996 solam
1018 2933 1051 2996 in
1075 2930 1194 2996 deliciis
1214 2928 1259 2993 ha·

134 3046 221 3111 habat
243 3047 428 3129 definiendi,
454 3048 673 3133 distinguendi,
699 3047 921 3112 demonstrandi
943 3046 1108 3127 solertiam,
1135 3066 1190 3108 neo
1214 3042 1261 3107 ho-

132 3161 223 3225 minis
240 3161 376 3226 sensibus
394 3161 442 3225 vel
460 3162 587 3225 internis
606 3161 653 3225 vel
672 3162 804 3225 externis
823 3160 954 3225 multum
967 3159 1046 3243 juris
1061 3155 1260 3244 permittebat,

133 3275 193 3338 alto
217 3276 392 3360 despexerat
414 3275 624 3358 Eloquentiam
647 3274 825 3359 supercilio,
851 3296 884 3338 ac
897 3275 1042 3362 fallendi
1065 3295 1133 3336 eam
1156 3272 1262 3335 dixerat

134 3396 243 3468 artem3
276 3391 326 3454 eui
355 3390 452 3475 igitur
483 3410 521 3451 ne
541 3387 735 3472 judicialibus
759 3389 879 3471 quidem
902 3389 935 3451 in
959 3387 1069 3451 caussis
1091 3385 1178 3450 locus
1199 3404 1261 3447 con·

131 3504 284 3568 sedendus
313 3509 403 3579 esset,
434 3502 545 3567 nedum
574 3503 665 3566 sacris
687 3503 720 3566 in
743 3501 869 3587 pulpitis
894 3503 957 3587 (3).
1006 3504 1092 3566 Hunc
1115 3500 1211 3586 igitur
1231 3501 1263 3560 ut

122 3696 296 3707 —m--.

170 3812 205 3873 (1)
224 3812 284 3862 Vid.
308 3813 382 3876 impr.
399 3812 442 3864 W.
460 3814 493 3862 D.
511 3813 711 3864 Fuhrmauni
734 3813 835 3863 Haurit.
859 3812 902 3862 der
919 3811 983 3862 theol.
1002 3810 1049 3860 Lit.
1069 3809 1101 3859 Τ.
1124 3809 1162 3861 11.
1182 3809 1212 3858 P.
1229 3805 1260 3856 11.

134 3903 213 3967 (Lipa.
235 3907 308 3966 1821)
327 3922 352 3970 p.
370 3911 427 3956 251.
447 3906 511 3964 Ubi,
525 3907 550 3956 in
569 3908 695 3971 prioribus
713 3907 915 3957 Thereminii
933 3913 1005 3955 orata
1024 3905 1114 3963 sacris,
1135 3921 1158 3954 a.
1173 3905 1261 3952 1817-

138 4000 201 4045 1819
228 3997 317 4056 editis,
341 4014 406 4062 quae
432 4000 544 4049 maxime
568 4001 800 4063 reprehenderent,
823 4015 888 4064 qnos
911 4000 978 4058 dixi,
1003 3997 1133 4048 Censores
1156 4002 1261 4046 aeconio

137 4089 253 4138 refertur.

171 4182 205 4242 (2)
222 4181 272 4231 Dio
290 4180 473 4234 Beredromlreii
490 4185 539 4234 eine
558 4185 670 4251 Tapend,
689 4185 745 4235 oder
764 4183 919 4235 Grundh'm'ea
945 4186 1009 4234 einer
1026 4192 1122 4250 system.
1143 4179 1260 4242 Rhetorilc3

136 4271 219 4322 Borol.
238 4280 310 4323 1814.
337 4277 427 4326 Altera
444 4277 524 4327 libelli
540 4278 616 4327 editio
636 4279 768 4339 (XXXIV
783 4287 808 4328 et
821 4284 869 4327 206
888 4278 959 4342 pp),
977 4293 1028 4328 non
1045 4278 1156 4327 multum
1174 4279 1260 4326 mutata

133 4366 193 4425 illa,
214 4368 341 4430 publicata
360 4377 399 4418 est
416 4369 514 4426 itidem,
540 4373 611 4419 1837.

170 4460 211 4523 (3)
230 4460 292 4510 vid
317 4461 431 4513 Kantii
453 4463 531 4515 liber:
557 4462 642 4514 Krioa
665 4463 707 4514 der
729 4462 905 4528 Urthailsdrafl
922 4463 1015 4528 (Berol.
1038 4464 1123 4527 1790),
1142 4479 1166 4528 p.
1187 4465 1258 4511 205—
