2782 4958
225 347 268 410 Ὦ
716 364 868 407 nnsnnrto

233 531 337 616 Unde,
363 531 419 602 illo
443 531 570 627 ignoto,
597 529 702 628 qualis
727 530 775 600 lrie
801 529 898 601 luerit
924 529 1076 626 cognosci
1103 553 1169 601 nou
1195 554 1281 626 posse
1306 529 1352 602 le·

233 658 293 731 cilc
319 650 463 754 eppuret.
790 743 796 754 ι

281 783 363 853 Erat
387 805 464 852 sene
488 774 726 864 Heusdius,
752 774 870 873 siquis
896 773 993 861 elius,
1013 775 1208 861 Historieus,
1234 775 1332 874 qualern

233 903 392 976 hodierno
415 928 476 974 usu
495 903 731 999 proqmolionnt
755 926 873 973 vocare
898 901 1138 974 consuevimus.
1176 903 1276 998 Hujus
1289 902 1333 973 siu-

233 1026 367 1123 gulatim
384 1038 449 1109 est,
466 1022 555 1122 quod
575 1024 701 1111 nomini,
720 1023 801 1120 qnod
817 1023 949 1094 rationis
966 1037 1009 1094 est
1026 1024 1205 1121 particeps,
1223 1023 1334 1096 Cicero

232 1149 365 1236 tribuit,
390 1147 499 1219 nescio
522 1172 562 1218 en
585 1146 679 1218 nimis
700 1147 824 1245 ample,
844 1162 877 1218 at
897 1145 1016 1218 diserte
1038 1147 1231 1245 etcopiose.
1258 1149 1336 1219 Hono

232 1271 335 1359 enim,
358 1270 541 1342 Tullium
568 1269 594 1339 si
624 1268 735 1353 audis,
763 1269 1002 1366 »consequentia
1024 1270 1139 1356 cernit,
1167 1293 1288 1342 cuussm
1303 1293 1338 1340 rt·

230 1418 328 1465 nrum
361 1386 445 1464 uldel
479 1416 647 1490 eorumque
667 1417 850 1491 propressus
882 1406 911 1463 et
935 1394 1028 1489 quusi
1055 1394 1274 1466 antecessiones
1296 1418 1339 1464 non

231 1520 399 1616 uiqnorut,
423 1517 645 1589 similitudines
680 1531 843 1614 comparat
872 1516 1021 1615 rebusque
1055 1517 1268 1615 praesentibus
1297 1514 1339 1589 ed·

231 1639 360 1736 »junpil
384 1652 475 1736 utque
500 1642 636 1712 annectit
659 1639 805 1736 futuru?
827 1641 890 1738 (l).
927 1641 1048 1712 Rerum
1072 1639 1173 1737 igitur
1193 1640 1266 1713 olim
1287 1663 1339 1737 ges·

230 1776 336 1834 tarum
357 1788 488 1835 caussas
509 1765 558 1836 vel
582 1765 772 1836 remotiores
789 1763 839 1836 vel
866 1763 1034 1862 propiores
1053 1764 1238 1863 inquirere,
1252 1785 1339 1836 esron

224 1885 492 1985 'opportunitates
510 1886 678 1984 indagare,
702 1911 819 1960 nexum
842 1886 1024 1974 declarare,
1044 1887 1195 1985 sequelas
1217 1901 1249 1958 et
1267 1884 1346 1958 elles-1

233 2020 287 2078 tus
308 2032 488 2104 exponere3
509 2033 549 2080 en
573 2009 785 2105 praecipuum
803 2007 900 2093 illius,
920 2034 1016 2108 quem
1040 2008 1191 2096 diximus,
1215 2005 1340 2080 Historici

223 2130 354 2202 'munus
376 2145 408 2202 et
436 2130 594 2203 officium!
636 2135 672 2203 ln
697 2157 735 2204 eo
761 2130 859 2228 igitur
882 2147 985 2204 tolum
1009 2133 1109 2205 luisse
1132 2129 1340 2205 Heusdinn

234 2267 361 2326 constat
382 2254 465 2326 inter
490 2280 611 2327 omnes.
667 2258 754 2326 Haec
772 2253 817 2325 illi
845 2255 911 2326 vita
937 2272 1022 2343 erem
1044 2255 1126 2328 haee
1147 2256 1199 2328 vel
1224 2253 1341 2326 maxine

233 2378 319 2451 vitae
331 2380 475 2451 suavitas
491 2405 528 2452 ac
546 2379 688 2452 deliciae.
717 2380 837 2453 Verum
856 2378 909 2451 hic
925 2383 997 2474 ejus
1009 2378 1282 2476 Pruqmclismns,
1294 2399 1341 2474 quo

231 2501 352 2573 certius
378 2501 418 2573 ad
444 2516 609 2599 speratum
637 2481 821 2601 perveniret
838 2503 1031 2599 cognitionis
1058 2502 1201 2592 exitum,
1226 2499 1341 2601 peculin-

233 2648 300 2695 rem
328 2622 469 2723 aliquam
498 2625 579 2696 viam
612 2625 814 2725 sequebatur
839 2627 967 2725 sibique
993 2627 1157 2724 propriam
1187 2625 1340 2707 rationem

149 2775 153 2786 ·
235 2770 332 2846 quam
360 2746 488 2844 plenius
515 2746 571 2817 tibi
598 2748 666 2820 Viri
693 2750 800 2847 magni
831 2749 980 2847 discipuli
1007 2749 1242 2838 declarabunt,
1267 2769 1341 2848 quon

233 2869 324 2943 hisco
347 2871 448 2942 sacris
466 2897 529 2942 non
556 2872 701 2945 initiatus
727 2899 797 2970 ego.
833 2873 975 2945 Primum
999 2887 1105 2961 certe,
1126 2874 1341 2946 Socraticaeuc

234 2994 419 3068 Platonicae
444 2995 632 3093 disciplinae
657 3022 832 3094 germanus
863 2997 915 3068 hie
938 2997 1117 3083 Alumnus,
1141 2997 1174 3068 in
1199 2997 1255 3084 iis,
1280 3013 1341 3094 quse
1379 3012 1382 3103 q

235 3119 340 3215 Reges
366 3119 518 3218 civesque
547 3119 621 3192 olim
649 3127 852 3219 perpetrlsse
882 3145 994 3193 eorum
1030 3121 1176 3192 referunt
1204 3117 1341 3196 Annales,
1379 3110 1382 3219 l

234 3244 387 3316 hominem
413 3244 570 3343 imprimis
597 3245 702 3341 ipsum
736 3259 883 3342 spectare
905 3244 1044 3340 jubebat
1079 3258 1179 3342 alque
1213 3245 1342 3315 numum
1380 3230 1382 3237 ’

162 3348 165 3355 ’
230 3383 384 3458 naturae,
414 3370 604 3468 pervarias
632 3395 684 3441 res
714 3369 804 3440 varie
836 3367 969 3439 effectae
994 3381 1093 3466 atque
1129 3366 1195 3439 huc
1233 3381 1265 3439 ct
1287 3360 1342 3435 illuc

234 3493 424 3580 inclinatae,
452 3492 570 3565 diversi
602 3495 729 3589 generis
758 3492 1001 3563 commotiones.
1053 3488 1116 3562 Sed
1143 3514 1276 3587 magnes
1296 3485 1341 3556 iu·

235 3616 348 3713 primis
373 3619 444 3714 ejus
466 3617 498 3687 in
519 3615 667 3689 doetrind
685 3628 794 3713 partes
817 3615 922 3686 studio
945 3615 1086 3712 pontium
1109 3615 1264 3707 egebunt,
1285 3627 1342 3706 qut·

235 3764 307 3810 rum
338 3753 483 3836 tempora
504 3764 542 3810 ae
565 3739 682 3811 sensim
705 3764 893 3835 progressas
914 3750 1038 3808 aetates
1058 3761 1133 3808 cum
1151 3735 1276 3808 diversd
1293 3728 1343 3800 sin·

234 3861 386 3958 gulorum
414 3864 597 3935 mortalium
623 3876 728 3935 aetate
753 3859 982 3958 comparabat,
1008 3859 1058 3930 vel
1081 3858 1197 3956 puerili
1222 3858 1287 3941 itte,
1306 3841 1341 3918 tel

230 3985 382 4079 juvenili,
411 3986 461 4057 vel
490 3986 591 4072 virili,
623 3985 689 4072 vel,
718 3984 744 4056 si
775 3983 875 4070 lorle,
901 3983 1002 4055 senili.
1056 3984 1129 4067 Qus
1161 3982 1292 4054 maxime
1312 3992 1340 4041 6¹

269 4311 314 4378 (t)
335 4311 376 4362 De
394 4312 445 4379 Off.
469 4310 492 4362 Ι.
515 4317 548 4376 4;
571 4327 690 4380 quocum
712 4308 772 4361 loeo
793 4315 866 4360 rectu
888 4304 1140 4374 Heusingcrus
1161 4322 1193 4358 ac
1214 4301 1341 4358 Beierll

231 4407 398 4461 simillimum
418 4409 564 4462 conserunt
584 4407 673 4461 locum
694 4409 723 4461 de
740 4409 800 4460 Flo.
823 4408 864 4461 ΙΙ.
886 4413 928 4474 tt,
949 4406 1005 4472 ubi,
1027 4406 1102 4475 qnod
1121 4405 1164 4458 hic
1183 4401 1279 4467 nemrot,
1296 4388 1341 4460 ll⁰⁵

229 4505 361 4560 tribuitur
380 4507 495 4560 thlr'oni.
