2782 4958
125 307 147 366 8
624 309 772 358 unrsrotn

131 485 324 587 probatione
356 482 454 580 digna
482 478 633 553 habenda
657 478 732 555 tint,
783 475 941 549 Universa
973 472 1006 546 in
1036 496 1094 546 eos
1126 469 1260 545 Homeri

131 609 187 688 hio
208 632 323 683 versus
349 604 516 681 contenit:

233 783 311 876 Tria
334 780 409 880 γάρ
427 774 562 870 ἀοιδὴν
578 777 723 873 μᾶλλην
739 763 955 883 datuletbvo'
980 762 1193 870 ἄνθρωποι,

185 911 188 917 ’
233 898 348 986 'Haec
365 898 794 1005 duovdvrrno'toteorro‘tra
816 896 1082 1007 ἀμφιπέληται.Ι

184 1102 292 1207 Quem
319 1099 451 1199 quidem
477 1110 608 1175 versum
633 1122 700 1174 non
733 1097 774 1172 de
805 1097 929 1171 Mutat
960 1107 1103 1184 tantum,
1132 1090 1192 1166 sed
1221 1090 1264 1167 de

137 1222 208 1296 aliis
227 1222 304 1297 item
325 1223 511 1299 litterarum
535 1221 654 1301 studiis
673 1248 713 1296 ac
732 1221 774 1295 de
790 1222 861 1322 ipsd
877 1221 959 1296 adeo
980 1218 1266 1318 Philosophit'ra-

137 1345 221 1434 lere,
241 1346 351 1444 gravia
373 1347 468 1420 nobis
487 1359 607 1421 auctor
630 1356 680 1419 eat
708 1344 1058 1445 wyttenbachius
1084 1343 1147 1441 (l)
1192 1343 1265 1415 Neo

136 1493 216 1545 sane
239 1469 487 1545 notissimarum
514 1479 722 1569 quarumque
743 1481 779 1542 at
795 1468 935 1542 maxime
954 1467 1174 1540 inauditorum
1191 1464 1266 1563 opi-

136 1590 273 1665 nionum
294 1593 398 1667 effusa
421 1592 751 1668 admiratione'vel‘a
774 1593 910 1668 Musiris
935 1593 1031 1666 vela
1059 1589 1273 1688 Philosopbis'

139 1717 319 1791 sese'rinoi
352 1718 524 1817 patiuntur
551 1717 661 1807 multi,
688 1718 857 1817 qui'nuac
879 1717 981 1790 utrina
1005 1713 1122 1788 audeat
1146 1728 1267 1785 motare

136 1839 270 1926 uolutus,
296 1839 462 1939 Theolngi.
514 1843 653 1927 Verum,
678 1843 721 1914 ut⁴
739 1839 881 1914 recentia
903 1838 975 1926 illa,
998 1839 1120 1939 quibus
1155 1850 1267 1911 nomm

140 1960 236 2037 ctiam
258 1962 367 2036 studia
391 1963 603 2062 locupletavit
617 1978 683 2038 aut
706 1977 795 2038 certe
819 1962 1035 2061 locupletasse
1056 1961 1120 2034 sibi
1135 1961 1267 2034 videtur

139 2082 223 2157 haec
238 2094 345 2173 aetas,
366 2084 583 2159 decretalare
600 2083 759 2158 infinitam
775 2085 1118 2173 hubent.varietatem;
1145 2084 1189 2158 ita
1207 2111 1267 2183 pro

139 2205 344 2307 ingeniorum
366 2207 553 2282 diuersitate
571 2215 614 2283 ex
633 2209 791 2283 immensa
811 2209 866 2283 itta
891 2213 1050 2284 aerarum
1076 2208 1268 2308 opinionum

140 2330 235 2430 eopia
257 2357 298 2406 ac
319 2332 421 2406 veluti
449 2357 556 2408 messe
579 2334 633 2406 alii
652 2333 733 2406 alins
760 2332 912 2423 laudant,
941 2344 1119 2431 appetunt,
1150 2331 1269 2430 degus-

142 2451 258 2527 tandas
283 2453 512 2528 commendant
536 2455 639 2554 dapes
662 2456 851 2556 epulasque.
894 2492 897 2500 ·

174 2575 255 2649 JSed
283 2603 326 2650 na
359 2577 462 2651 simus
495 2578 612 2678 iniqui,
650 2578 918 2652 committendum
948 2580 1044 2653 nobis
1073 2605 1137 2653 non
1162 2591 1270 2652 estut

141 2698 375 2773 moderatiores
398 2726 558 2775 novorum
585 2713 748 2775 amatores
771 2726 846 2775 cum
871 2701 911 2774 iis
939 2712 1063 2776 temere
1085 2703 1271 2775 committa-

142 2840 234 2911 mus,
257 2823 379 2922 quibus
395 2823 584 2896 insatiabilis
595 2823 757 2923 quaedam
775 2826 881 2899 inesse
901 2826 1029 2901 videtur
1044 2840 1164 2901 cuncta
1180 2827 1272 2900 labe-

143 2944 286 3019 factandi
314 2969 354 3018 ao
380 2945 583 3019 convellendi
604 2946 724 3021 sitiret
742 2950 913 3048 cupiditas.
951 2951 1018 3037 Qui
1040 2950 1273 3050 quidamque

143 3068 259 3142 canina
286 3069 387 3143 veluti
418 3069 509 3142 rabia
535 3069 647 3168 (lpor'nt'
670 3072 795 3172 antiqui
828 3073 993 3171 politiores
1024 3074 1273 3173 quosvis·uitae

143 3191 326 3263 communis
339 3175 446 3264 mores
457 3205 557 3291 atque
568 3192 715 3267 instituta
728 3196 892 3294 petebant,
904 3196 1013 3270 eadem
1024 3199 1098 3270 SC.
1115 3197 1272 3270 librorum

146 3317 370 3414 antiquitatem
392 3340 430 3389 ac
457 3317 659 3391 sanctitatem
681 3319 854 3410 invadunt,
885 3347 924 3394 ac
950 3322 1144 3395 certissimas
1170 3347 1273 3421 quas-

147 3466 212 3540 que
228 3466 341 3515 sacrae
358 3441 546 3540 disciplinae
572 3443 735 3517 doctrinas
752 3444 892 3542 maligno
907 3446 1003 3519 dente
1021 3459 1159 3543 carpunt
1174 3459 1274 3543 atque

146 3564 314 3651 accedunt.
364 3566 415 3638 De
436 3565 558 3663 quibus
580 3592 658 3640 vero
683 3594 748 3640 non
772 3581 822 3640 est
845 3568 934 3666 qnod
953 3570 1046 3664 plura
1062 3566 1191 3649 dicamj
1219 3567 1275 3639 Uti

147 3688 232 3761 enim
256 3685 467 3785 prudentiore
490 3701 567 3761 sunt
594 3714 632 3763 ac
656 3690 1020 3787 religionisamantiora
1042 3692 1276 3790 plerorumque

147 3807 267 3885 civium
289 3823 476 3883 nostrorum
493 3811 617 3900 studia‚·
639 3813 685 3886 sic
710 3838 833 3911 paucos
856 3812 1031 3887 admodum
1056 3813 1278 3887 Nedcrluodt'u

148 3933 438 4023 tolitNovatoreS,
462 3936 519 4034 qui
542 3937 755 4025 Straustii,
782 3937 1001 4027 Hennellii,
1025 3938 1275 4035 Tudiapeust'um,

146 4055 358 4131 Brunoais
380 4056 537 4159 Rumori,
557 4058 756 4153 Ludovioi
781 4060 1048 4151 Feuerbachii
1072 4060 1278 4160 aliorumque

144 4231 317 4243 —

185 4329 231 4398 (1)
250 4328 286 4382 V.
309 4329 423 4384 Homeri
444 4328 544 4402 Odysr.
566 4329 602 4383 Α.
625 4336 695 4398 351,
717 4331 819 4386 collato
840 4329 1132 4402 wyttenbachio,
1153 4328 1277 4397 impiet.

149 4424 186 4478 od
203 4427 414 4495 Heusdium‚
439 4430 553 4498 Opunte.
574 4429 616 4484 II.
638 4436 683 4484 35.
