2782 4958
480 1177 810 1252 NARRATIO

629 1413 659 1444 DE

200 1591 492 1682 HERMANNO
519 1590 758 1682 torinnam
784 1589 1082 1697 unionum,

397 1834 515 1876 CHRISTI
536 1833 704 1876 socruuffls
726 1833 892 1876 HISTORIGO.

580 2110 710 2132 ’‘m-

121 2333 169 2449 Si
196 2373 270 2472 quis
295 2372 378 2446 sorte
404 2372 578 2470 praeclaris
597 2373 681 2446 Viris
708 2370 898 2471 parentandi
925 2371 1066 2444 officium
1093 2370 1131 2442 iis
1152 2395 1207 2443 so·
1246 2396 1251 2410 ‘

106 2519 146 2568 m
166 2495 355 2571 incumbere
376 2510 478 2596 putet,
500 2522 639 2595 quorum
663 2496 704 2570 sit
724 2501 824 2595 opera
839 2493 881 2568 ab
898 2494 1060 2568 oblivione
1078 2493 1207 2569 illorum

105 2619 270 2693 radicanda
302 2619 473 2707 memoriam
509 2619 585 2690 mihi
623 2645 709 2694 nunc
745 2633 834 2692 certe
867 2618 910 2692 de
940 2617 1207 2718 Royaardsio

105 2764 185 2814 cere
210 2743 322 2831 liceat,
350 2755 449 2841 atque
475 2743 507 2813 in
534 2742 572 2814 iis
600 2743 825 2842 acquiescere,
855 2768 956 2841 quae,
990 2748 1111 2815 recenti
1137 2744 1208 2840 ejus

104 2863 187 2953 ritu,
224 2892 284 2964 pro
317 2871 473 2938 concione
500 2880 663 2938 commoto
699 2864 764 2937 dixi
799 2866 907 2938 animo
939 2892 977 2939 ac
1009 2880 1209 2964 conquestus

104 3008 148 3061 tm
169 2988 232 3087 (i)
283 2990 353 3063 Nec
378 3013 470 3077 vero,
497 2989 523 3060 si
551 3014 651 3063 unum
681 2988 744 3060 hoc
769 3002 825 3061 aut
848 2989 1060 3087 praecipuum
1088 2989 1207 3086 hujus·

106 3109 163 3182 odi
185 3109 418 3208 scriptionibus
437 3111 638 3208 propositum
663 3125 750 3184 esset
771 3100 952 3196 consilium,
976 3123 1012 3185 ut
1036 3111 1120 3183 bene
1139 3137 1209 3184 me·

104 3243 230 3319 torum,
267 3259 351 3332 quos
385 3233 554 3331 lugemus,
578 3233 746 3306 hominum
778 3234 899 3306 nomini
931 3258 1012 3306 suus
1043 3246 1208 3306 constaret

103 3379 190 3442 onos,
211 3357 403 3453 cujusquam
423 3381 486 3427 vox
504 3368 560 3427 aut
578 3353 775 3453 praedicatio
794 3355 848 3427 hic
868 3380 1064 3454 magnopere
1085 3355 1206 3454 requiri

104 3480 251 3554 deretur.
297 3482 386 3565 Quot
409 3477 495 3550 enim
520 3489 552 3549 et
577 3502 674 3577 quam
702 3479 898 3576 praestantia
920 3478 1014 3552 nobis
1035 3477 1165 3577 reliquit
1187 3503 1207 3551 a

103 3637 106 3673 r
136 3603 226 3676 edita
254 3601 422 3676 doctrinae
450 3614 679 3689 monumenta,
707 3625 811 3700 quae,
837 3601 963 3674 tametsi
990 3603 1031 3674 de
1061 3602 1206 3673 Auctore

103 3728 191 3801 leant
216 3750 348 3812 omnes,
376 3723 417 3797 ad
440 3726 510 3821 ejus
536 3749 653 3797 nomen
677 3724 874 3822 posteritatis
896 3723 1098 3797 admirationi
1120 3749 1206 3796 com-

103 3849 296 3926 endandum
327 3849 377 3922 vel
410 3849 479 3921 sola
508 3847 709 3923 sufficerent!
749 3849 818 3920 Nec
845 3874 923 3921 sane
950 3874 991 3925 ne
1024 3848 1206 3947 apostoris

102 4003 232 4013 ..-

106 4101 160 4172 (1)
180 4098 216 4152 In
236 4116 277 4152 or.
299 4099 424 4165 funebri,
447 4115 532 4170 quae,
555 4097 687 4168 Collegae
711 4096 830 4167 imagine
856 4105 972 4166 ornata,
993 4097 1126 4169 inscripto
1145 4103 1204 4152 est:

102 4201 197 4256 tetrade
216 4207 254 4254 ter
271 4200 434 4267 anadenkirry
451 4215 502 4253 ouo
521 4199 558 4253 H.
580 4198 611 4255 J.
632 4197 669 4252 R.
705 4196 761 4251 Met
775 4215 818 4253 ceu
836 4197 976 4267 voorben'pt
993 4215 1023 4251 eo
1041 4197 1124 4266 canipe
1142 4213 1206 4250 can·

102 4299 249 4366 tireninpem
272 4297 345 4366 Troj.
366 4300 402 4350 od
419 4298 471 4350 Ri.
495 4303 579 4351 1854.
599 4328 634 4338 —
654 4296 688 4350 In
709 4296 832 4367 subjecta
856 4296 1038 4352 annotatione
1064 4313 1097 4350 ea
1116 4295 1205 4350 solum

102 4403 290 4453 immemorata
310 4404 376 4450 sunt
394 4395 617 4466 Roynordsii
638 4394 751 4467 scripta,
773 4412 843 4467 quae
859 4395 1034 4453 indoctorum
1053 4394 1137 4450 etiarn
1157 4395 1206 4450 ho·

102 4494 178 4549 ioum
199 4494 313 4551 lectioni
333 4511 365 4550 ac
385 4493 484 4548 studiis
503 4494 722 4550 commendanda
742 4495 917 4552 videbantur.

1047 4599 1061 4660 1
1073 4593 1095 4636 ii·
