2782 4958
122 321 164 384 ts
617 335 769 380 unaaamo

124 508 210 580 hauc
236 507 302 580 lere
330 504 430 578 habet
457 501 712 600 inscriptionem:
738 500 871 596 Africam
895 499 1117 573 Meridiouulis
1137 501 1230 598 Refor-

125 645 282 703 matorem
306 629 451 701 Ecclesia
475 625 729 711 Nederluodicc,
751 626 786 696 in
810 627 918 697 Bonae
942 624 1021 722 Spei
1045 626 1234 699 Promontotio

125 754 298 827 constituta.
336 751 397 824 Uti
417 750 503 822 illius
519 749 687 821 Ordinatio
705 762 862 847 spectatur
884 749 1037 846 hujusque
1054 749 1234 822 carmNader·

128 875 257 948 luodicd
278 876 450 972 conjunctio
471 875 533 972 (l).
567 875 694 959 Quacx
710 877 861 945 accurata
885 874 1069 945 narratione
1089 871 1238 969 chemeu
1288 850 1290 857 Ι

126 997 258 1094 Africae
275 997 466 1086 Ecclesiam,
493 999 588 1094 cujus
611 995 702 1069 nullo
723 996 799 1069 olim
826 996 991 1068 communi
1019 995 1151 1069 vinculo
1176 993 1238 1068 socii

128 1121 393 1210 continebantur,
420 1120 483 1194 boc
508 1133 620 1193 nostru
640 1118 772 1193 demum
802 1119 913 1192 seculo
938 1119 982 1191 ita
1009 1119 1175 1217 paullatim
1199 1145 1239 1193 or·

127 1245 268 1319 dinatam
295 1271 366 1318 esse
391 1245 609 1343 comperimus
626 1257 726 1343 atquc
751 1243 865 1342 aequis
886 1255 1100 1341 temperatam
1119 1243 1240 1340 legibus,

127 1383 165 1442 ut
203 1370 327 1468 ubique
363 1381 600 1468 quantumpotc
637 1366 838 1440 fundamenti
870 1381 969 1466 atque
1007 1367 1147 1465 exempli
1183 1365 1239 1439 loco

126 1492 380 1566 Nederlcndicue
414 1493 574 1565 Ecclesiae
612 1492 780 1564 Ordinatio
817 1503 1011 1589 poneretur,
1048 1516 1132 1563 auno
1161 1491 1238 1561 tttt

128 1619 261 1690 sancita.
297 1618 501 1714 Quamquam
525 1641 637 1689 earum
660 1615 755 1688 etiam
781 1614 902 1712 legum,
923 1639 1008 1712 quac
1029 1615 1095 1686 hac
1112 1609 1242 1686 exOrdi·

128 1737 259 1810 natione
285 1751 397 1836 postea
415 1737 447 1809 iu
473 1738 581 1810 Patria
601 1737 767 1835 paullatim
785 1738 987 1825 exstiterant,
1007 1735 1184 1836 prudenter
1197 1761 1241 1808 ra-

128 1861 248 1935 tionem
270 1860 458 1934 habuerunt
478 1863 609 1933 Fratres
632 1862 805 1959 Capenses.
856 1861 967 1959 Atque
989 1858 1072 1932 haec
1095 1859 1244 1932 omuiacu

130 1985 201 2085 ipsu
219 1996 310 2079 gesta
327 2010 399 2058 esse
425 1997 570 2081 tempore
588 1982 694 2073 tradit,
713 2009 752 2056 ac
772 1985 1072 2069 Monumenturum,
1092 2008 1177 2083 quae
1197 2007 1244 2054 rc-

129 2107 281 2208 poneuda
307 2109 449 2194 curavit,
475 2107 540 2179 fide
565 2121 598 2180 et
625 2108 818 2180 auctoritate
843 2107 1035 2206 comprobat
1061 2107 1245 2191 Historicus.

129 2256 233 2330 quum
253 2231 533 2305 Nederlaudorum
549 2231 634 2305 hanc
652 2231 818 2305 Coloniam
837 2231 898 2303 sibi
913 2231 1119 2305 uindicarant
1133 2255 1247 2331 suoque

129 2356 266 2455 imperio
286 2355 494 2453 subjecerant
514 2355 626 2429 oceani
648 2355 777 2428 Domini
799 2355 954 2428 Britanni.
994 2358 1038 2428 Ol
1060 2355 1248 2454 singularem

131 2481 250 2553 amoris
272 2480 506 2566 constantiam,
530 2485 612 2579 qua,
637 2478 688 2551 bis
708 2479 786 2579 ipsis
808 2479 917 2552 invitis
941 2505 979 2552 ac
1000 2478 1248 2566 reluctantibus,

130 2603 295 2702 antiquam
324 2604 464 2676 Patriam
498 2605 635 2702 ejusque
662 2604 814 2676 Instituta
845 2602 1016 2701 complecti
1044 2613 1252 2702 perrexerunt

130 2727 327 2800 Colonorum
350 2730 499 2826 nepotes!
526 2727 586 2824 (2).

178 2971 242 3044 Sed
269 2971 331 3045 alia
363 2973 547 3061 videamus,
574 2975 701 3049 Patriae
734 2974 931 3065 honorifica,
958 3002 1043 3076 quae
1067 2979 1165 3050 seced
1190 2977 1255 3074 ejus

131 3119 172 3167 ex
206 3097 352 3169 Ht‘storid
386 3111 571 3197 opportune
604 3099 718 3196 selegit
751 3099 927 3199 retulitque
951 3099 1253 3198 Royaardsius.

130 3219 301 3317 Ejusmodi
335 3220 434 3319 igitur
460 3238 537 3295 suut
561 3249 664 3322 quac,
688 3223 792 3321 primo
819 3225 884 3320 jam
914 3223 1050 3296 Archive'
1083 3223 1254 3308 Volumina,

131 3376 281 3386 --.-.

167 3473 213 3545 (1)
233 3471 435 3528 Nederlandice
447 3472 482 3527 ab
491 3471 612 3527 Auctore
625 3480 737 3542 spectate
748 3471 857 3527 dicitur:
870 3471 898 3524 in
906 3473 984 3526 herere
996 3471 1256 3541 aameyatteerue

129 3575 218 3640 stand,
237 3573 324 3626 courel
345 3573 373 3626 iu
392 3572 537 3641 betrelclcr'np
557 3580 591 3625 tot
605 3572 765 3627 Nederlcnd.
781 3603 817 3614 -
838 3571 940 3626 Exstat
955 3572 1023 3626 haec
1041 3570 1165 3626 narratio
1180 3569 1256 3642 eique

129 3672 262 3744 adjuncta
280 3673 464 3728 Monumenta
482 3672 510 3726 in
530 3673 636 3727 Nederl.
661 3672 740 3727 Arcu.
761 3672 828 3728 Vol.
849 3672 938 3738 VIII,
960 3691 985 3743 p.
1007 3675 1167 3726 ata-368.

169 3772 214 3844 (2)
236 3771 398 3844 Comparari
424 3772 629 3843 quodammodo
652 3779 746 3844 potest
772 3772 848 3844 quod
872 3770 900 3825 iu
920 3769 1134 3826 Nederlandicis
1160 3769 1259 3824 factum

130 3887 191 3924 esee
209 3869 337 3926 novimus
357 3871 455 3926 Indiae
477 3870 664 3926 Occidentalis
682 3871 806 3927 coloniis
829 3871 1010 3936 Demerart'ce,
1027 3869 1214 3941 Esseqreeboms
1231 3883 1261 3923 ac

130 3969 260 4024 Berbe’ces.
301 3969 408 4035 Quibus
434 3978 615 4043 posteaquam
635 3970 718 4025 iidem
744 3969 827 4042 potiti
846 3975 926 4025 erant
948 3966 1094 4034 Britanni,
1114 3966 1259 4039 pleraeque

129 4070 169 4126 ibi
187 4069 431 4126 Nederlaudorum
450 4069 526 4142 leges
541 4070 705 4142 judiciariae
724 4069 819 4140 vigere
838 4075 1020 4141 perrexerunt
1038 4082 1190 4139 eorumque
1207 4064 1259 4120 ein·

128 4170 256 4242 galatim,
282 4187 353 4242 quae
373 4170 426 4224 dici
446 4170 600 4236 consucvit,
621 4169 756 4225 Methcdus
769 4169 931 4238 procedende'.
970 4165 1038 4221 Vid.
1059 4166 1145 4237 ampl.
1162 4164 1205 4219 M.
1226 4161 1256 4218 C.

131 4287 195 4323 van
225 4269 310 4326 Hall
335 4269 513 4342 opusculum:
546 4268 604 4322 Me.
625 4268 654 4322 J.
681 4284 747 4321 van
775 4269 837 4321 der
864 4265 1001 4320 Linden
1027 4283 1057 4320 ert
1083 4263 1143 4320 Mr.
1166 4265 1198 4320 J.
1221 4263 1256 4317 D.

131 4367 274 4440 Meijer,
294 4370 334 4423 uls
352 4369 558 4439 Reqtsqeleerderr
576 4368 726 4436 balucem,-
748 4366 833 4420 Abest.
852 4371 933 4434 1853,
952 4384 982 4437 p.
1002 4371 1035 4420 19
1058 4381 1102 4437 sq.
1122 4372 1152 4423 et
1169 4371 1202 4420 52
1219 4372 1255 4433 et,

131 4481 213 4538 quem
231 4467 338 4536 laudat,
359 4465 546 4538 Meijerus,
565 4468 596 4520 elc
614 4466 640 4518 ln
662 4463 841 4534 Godeficcte'ou,
859 4482 888 4535 p.
913 4469 977 4518 137.
