2782 4958
627 116 805 159 rumorosis.
1220 97 1281 160 111

131 285 221 350 enim
245 284 357 368 ullum,
382 285 462 371 qnod
489 284 601 359 edidit,
633 285 786 348 doctrinae
818 288 1045 349 mouumentum
1076 285 1282 370 frequentiore

127 398 310 464 multorum
340 419 398 464 nan
420 400 527 463 tritum
550 404 607 478 est,
642 419 676 462 ao
709 398 804 483 magis
828 397 944 462 diversa
975 399 1091 483 peperit
1112 399 1280 467 censorum

119 515 268 600 judicia.
316 513 475 586 Profecto,
509 514 568 576 nisi
599 513 722 597 iniquus
746 514 800 592 sis,
825 514 1022 597 paucissimos
1043 513 1154 597 quibus
1176 517 1281 580 Sacra-

122 648 206 692 11111
235 626 420 693 Litterarum
455 627 605 691 enarratio
641 629 792 712 proposita
815 635 878 705 est,
911 625 1004 691 libros
1027 650 1092 691 esse
1116 628 1278 706 concedes,

121 743 214 826 qui,
250 747 313 805 tam
344 742 462 806 modico
492 741 670 827 paginarum
700 763 840 817 numero,
869 747 982 806 tantam
1014 763 1048 805 ac
1077 747 1138 806 tam
1165 743 1280 829 largam

125 861 245 934 acute,
270 857 439 941 ingeniose,
465 856 553 920 docte
576 856 759 920 monitorum
784 876 909 918 messem
934 876 968 919 ac
991 861 1169 939 proventum
1197 865 1281 922 extu·

125 970 248 1034 lerini.
296 969 387 1042 Unde
410 970 445 1033 fit
468 976 517 1050 ut,
550 971 576 1033 ai
608 970 685 1034 forte
713 968 870 1033 uberiores
888 959 1030 1034 >adcundi
1053 973 1282 1036 commentarios
1310 993 1317 1001 ·

124 1085 207 1148 otio
232 1105 345 1158 careas,
373 1084 455 1148 bunc
477 1089 573 1162 certe,
598 1086 665 1148 sine
686 1084 749 1148 ullo
772 1084 834 1148 fere
858 1085 1002 1169 temporis
1025 1085 1191 1169 dispendio,
1211 1107 1281 1149 con·

127 1198 246 1262 sulere
270 1200 375 1282 possis.
425 1199 498 1264 Non
521 1199 630 1262 desunt
660 1198 782 1283 quidem
808 1197 880 1275 loci,
913 1219 1042 1282 quorum
1074 1199 1282 1283 perspicuitati

127 1311 307 1377 brevitatis
329 1298 462 1378 studium
486 1314 633 1392 offecerit,
659 1313 708 1378 vel
730 1334 858 1396 quornm
882 1313 1159 1398 interpretationem
1184 1300 1283 1379 minris

132 1425 329 1513 diligentem
352 1429 494 1503 effecerit,
513 1434 573 1511 ant
595 1451 732 1494 mancam
755 1434 787 1493 et
801 1428 971 1492 inchoatam
989 1429 1134 1492 Auctoris
1156 1429 1284 1513 relique·

134 1543 189 1605 1it
213 1542 379 1608 festinatio.
439 1542 558 1623 Quem,
592 1544 683 1608 sicuti
715 1565 805 1608 conca
829 1564 844 1607 c
867 1541 946 1607 Nilo
977 1542 1078 1607 bitere
1111 1543 1208 1627 quot,
1241 1544 1285 1608 ita

139 1653 280 1721 subinde
303 1654 462 1722 scribendo
484 1659 659 1742 properasse
681 1663 769 1741 putes
794 1656 854 1742 (1).
902 1655 1018 1719 Verum
1047 1656 1127 1720 idem
1150 1661 1186 1720 tu
1208 1657 1283 1721 fate·

141 1770 211 1834 aris
233 1775 353 1855 oporiet
374 1771 486 1836 multos
507 1770 582 1835 alios
605 1791 715 1855 eosque
737 1769 839 1855 plures
862 1769 1077 1834 commentarii
1099 1769 1182 1834 locos
1204 1791 1280 1851 esse,

143 1885 182 1947 in
204 1905 283 1968 quos
298 1890 403 1949 neutra
417 1887 578 1950 conveniat
594 1884 796 1970 reprehensio,
817 1885 930 1970 quique
945 1882 1173 1949 obscurioribus
1192 1885 1283 1950 etiam

151 1997 315 2064 Librorum
333 1999 492 2064 Sacrorum
512 1999 614 2074 dictis,
633 2001 774 2082 quantam
798 2017 814 2060 a
837 1997 958 2060 1111111
980 1995 1037 2060 hic
1064 1998 1284 2062 commentandi

153 2111 298 2177 brevitate
321 2121 491 2198 exspectare
514 2114 660 2198 potueris,
681 2112 779 2177 lucem
791 2112 931 2188 afferant,
952 2133 1049 2196 neque
1061 2111 1155 2176 ullum
1173 2109 1230 2175 tibi
1246 2111 1283 2175 de

155 2225 333 2310 Interpretis
356 2232 454 2291 mente
478 2224 605 2297 dubium
630 2226 810 2309 relinquant.

156 2399 301 2410 —.-

188 2513 355 2570 Τ1111.ΙῙ.Ρ.
373 2524 389 2568 4
407 2521 433 2569 11
450 2535 507 2585 epp.
523 2521 555 2570 ad
574 2516 672 2569 Coloss.
686 2518 795 2569 Philam.
814 2517 880 2582 Epis.
891 2517 1012 2581 Philipp..
1024 2517 1062 2566 ed.
1074 2515 1194 2576 secunde,
1207 2519 1282 2566 1847.

373 2616 388 2662 t
406 2642 559 2652 --—-
573 2613 605 2662 ad
623 2609 675 2661 Tit.
691 2609 758 2661 Tim.
776 2610 865 2669 Heba,
881 2609 921 2659 ed.
939 2611 1056 2668 secunda,
1076 2611 1148 2658 1847.

186 2705 352 2756 -ΠΙ.Ρ.
373 2710 553 2754 l————-
569 2720 625 2769 epp.
644 2703 725 2761 Petri,
744 2701 836 2764 Judae,
853 2701 920 2763 Jac,
939 2719 963 2754 a.
982 2704 1055 2752 1847.

185 2826 348 2843 ,ψη-
373 2803 388 2847 2
406 2823 439 2834 -
458 2798 642 2862 Apocalypsin,
666 2801 740 2847 1848.

184 2981 242 3032 Has
260 2995 294 3032 ax
314 2982 416 3041 tabella,
434 2984 536 3034 vivente
553 2987 654 3049 quidem
671 2985 826 3049 interprete,
843 2985 926 3035 solum
943 2982 998 3046 ejus
1015 2983 1041 3033 in
1058 2997 1098 3046 ep.
1114 2985 1145 3032 ed
1163 2979 1283 3031 Romanor

153 3071 369 3126 Commentarium
384 3062 474 3140 quater
497 3076 592 3126 editum
615 3091 669 3127 esse
691 3082 805 3140 apparet.
840 3075 1001 3138 Quemquam
1020 3074 1046 3123 in
1065 3075 1113 3124 hoc
1134 3075 1283 3138 singulatim

151 3168 231 3218 multa
247 3168 331 3218 etalii
348 3169 567 3233 reprehenderunt
583 3168 651 3220 etc.
667 3167 697 3219 F.
715 3168 749 3218 Δ.
766 3166 906 3228 Fritcsche,
923 3168 949 3217 in
967 3165 1024 3231 clip.
1041 3165 1131 3228 (Hali.)
1148 3166 1197 3216 Lit.
1217 3164 1282 3218 Zeu.

150 3262 180 3310 aa
196 3277 232 3311 m.
250 3260 366 3321 Julium,
396 3264 470 3321 1887,
494 3259 540 3312 No.
563 3267 609 3312 lat
626 3277 681 3327 sqq.
716 3261 833 3319 Verum,
850 3269 907 3326 post
923 3261 1045 3311 Auctoris
1071 3267 1189 3319 mortem,
1211 3261 1283 3312 illius

151 3354 176 3403 in
199 3351 305 3404 Joonais
329 3355 406 3405 etiam
433 3354 533 3418 nuang.
559 3362 583 3405 11
604 3356 723 3419 epistolas
748 3353 966 3404 Commentarium
990 3356 1082 3419 quantit
1105 3356 1185 3418 etque
1210 3354 1282 3404 valde

151 3447 225 3495 auctt
242 3446 353 3496 editione
369 3447 470 3509 repetiit
486 3444 519 3495 B.
536 3446 567 3495 B.
580 3445 763 3506 Briiclrner,
780 3444 852 3508 Lips.
874 3449 946 3494 1852.
981 3444 1064 3506 Quam
1081 3455 1196 3509 quartam
1212 3445 1281 3508 libri,

150 3537 180 3587 ab
197 3537 354 3587 Adversario
370 3538 491 3602 profecti,
521 3538 655 3589 editionem
681 3537 752 3587 valde
774 3537 889 3587 laudanti
912 3535 1142 3600 Hilgenfeldio
1159 3539 1196 3598 (in
1214 3536 1281 3588 tteol.

101 3652 108 3661 ·
151 3628 303 3680 Literaturbl.
319 3649 341 3681 2.
357 3631 490 3697 [Dor-mat]
509 3631 542 3683 A.
558 3631 637 3682 ΚΖ.
650 3631 783 3691 1811110.
797 3637 833 3680 lo.
845 3631 886 3692 11)
903 3633 1008 3681 omnino
1022 3631 1084 3680 mihi
1094 3631 1284 3682 assentiendum

154 3736 205 3774 esse
224 3725 333 3774 videtur.

185 3817 223 3881 (1)
242 3818 299 3869 Hoc
316 3821 513 3871 inconsideratae
529 3820 695 3871 festinationis
713 3819 819 3877 citium,
841 3834 892 3883 quo
909 3819 1003 3869 factum
1021 3820 1053 3868 sit
1072 3825 1100 3868 ut
1119 3817 1235 3884 pluribus
1250 3827 1284 3866 ex

154 3910 330 3975 interpretibus
343 3912 510 3962 tumultuarit
523 3914 601 3978 opert
613 3913 766 3962 conflaretur
781 3908 994 3970 Commentarius,
1012 3925 1087 3961 nemo
1103 3910 1223 3961 11111111
1240 3909 1284 3959 ob·

154 4002 220 4066 jecit,
238 4019 314 4068 quam
330 4004 551 4066 Fritzschins‚
568 4005 594 4055 in
611 4003 677 4055 theol.
697 4002 852 4054 Litercturtl.
872 4020 894 4052 z.
915 4001 1048 4067 [Demea]
1064 4000 1099 4051 A.
1108 4000 1143 4052 K.
1157 4000 1192 4052 Ζ.
1207 4003 1282 4060 1887,

157 4093 200 4145 N0.
218 4101 265 4147 129
288 4111 343 4162 sqq.
382 4096 416 4146 Et
435 4112 477 4158 ea,
504 4113 579 4162 quam
595 4112 672 4161 supra
696 4096 807 4155 laudavi,
832 4097 936 4147 ethaeo
959 4094 1135 4145 Fritcschii
1160 4107 1285 4157 censura,

158 4190 270 4252 quamvis
288 4191 315 4240 in
329 4188 553 4242 De-Wettium
572 4192 667 4254 iniqua,
688 4190 814 4255 permulta
831 4190 943 4240 continet
959 4189 1062 4253 cognitu
1079 4188 1235 4252 dignissima.
