2782 4958
138 325 179 387 32
627 344 779 388 unanimo

138 515 316 596 conversa,
347 508 457 609 paullo
490 509 626 583 uberius
653 510 820 608 praefatur
849 511 987 582 Auctor.
1042 510 1135 584 Unde
1157 513 1240 612 proti·

138 659 226 708 mum
258 634 321 706 hoc
348 634 376 706 ei
407 633 526 706 librum
554 632 662 706 edenti
692 631 862 705 consilium
892 633 992 707 fuisse
1016 634 1197 734 apparebit,
1215 651 1240 709 u

71 800 72 804 =
136 784 177 832 ne
201 758 325 831 diutius
351 756 506 830 nonnulla
530 757 748 830 Auditoribus
778 755 810 827 in
840 754 1000 830 calamum
1031 756 1173 831 dictandi
1199 784 1240 832 na·
1284 858 1287 863 Ι

135 881 285 954 cessitate
306 880 515 953 detineretur.
543 880 625 952 Ubi:
650 881 783 952 »Missas
803 879 873 966 iis,''
893 881 1008 981 inquit,
1025 907 1142 980 nqeue,
1159 882 1243 955 sidia
1287 902 1290 967 ξ

133 1005 294 1102 roipliooe
318 1018 439 1077 tontum
461 1004 625 1076 historicae
644 1005 728 1076 ratio
748 1005 892 1078 bobeada
915 1007 1040 1103 firmat,
1061 1006 1242 1096 addidissem,

133 1129 297 1227 »primam
324 1129 405 1201 bono
438 1129 519 1201 mibi
550 1129 664 1226 scripsi
697 1128 810 1227 lepem,
842 1143 877 1200 ut
914 1155 953 1202 eo
983 1130 1158 1223 traderem,
1185 1156 1243 1230 qaae

131 1253 269 1326 »stadiis
288 1253 475 1325 inservirent
499 1252 695 1325 academicis.
735 1252 814 1324 Alio
834 1253 934 1343 maisi,
955 1253 1024 1326 olio
1040 1255 1164 1344 addidi,
1186 1279 1244 1353 qam

131 1377 331 1476 »ceteroquin
354 1376 467 1448 rectius
487 1375 642 1464 abessent,
672 1400 752 1474 qnae
774 1401 848 1448 oero
867 1378 979 1449 cestris
1002 1378 1110 1452 esibus
1131 1381 1244 1452 inserui

132 1515 232 1572 staro
254 1525 316 1572 esse
338 1512 427 1572 rotas
451 1496 536 1570 sum’
557 1498 617 1596 (Ι.)
661 1500 751 1570 Haec
776 1499 842 1572 fere
869 1499 931 1572 ille.
970 1503 1079 1588 Quem
1104 1502 1167 1576 hoc
1192 1503 1244 1602 ipso

134 1623 166 1696 in
192 1624 275 1696 libro
300 1621 549 1696 commentando
578 1621 775 1719 permultum
801 1647 921 1720 operae
953 1648 992 1696 ac
1022 1623 1135 1698 studui
1159 1626 1244 1698 eollo-

133 1753 224 1821 cbsse
249 1772 289 1820 ex
314 1746 353 1818 iis
377 1759 530 1844 apparet,
552 1769 637 1844 quae
666 1745 736 1842 ipse
759 1744 837 1817 dicit
862 1747 921 1817 Vir
942 1747 1075 1821 minime
1091 1748 1242 1844 gloriosus

132 1901 149 1944 a
160 1869 353 1962 Quomdia,”
371 1869 489 1969 inquit,
510 1868 570 1939 nia
591 1866 805 1940 conscribendo
820 1869 907 1940 booce
927 1870 1107 1968 compendio
1124 1885 1244 1945 oasam

132 2021 242 2084 risam,
274 2018 394 2065 omnam
424 1992 582 2065 Historiae
617 1990 858 2064 Ecclesiastioae
890 2017 1036 2092 eampum
1062 1995 1163 2068 deamo
1186 2019 1245 2094 por·

132 2116 357 2190 »lustrandam
390 2116 485 2204 daci,
525 2114 602 2187 odeo
633 2129 668 2186 at
700 2140 780 2213 qaue
810 2128 904 2188 orreo
933 2117 1123 2216 scripseram
1151 2121 1245 2192 iterim

131 2241 350 2314 »elaborarem
373 2253 403 2310 et
430 2239 507 2310 arisi
527 2238 710 2335 subjicerem
733 2238 950 2313 moarotiori.''

181 2367 275 2452 Quae
302 2389 369 2462 quo
390 2361 516 2437 veriora
541 2386 613 2434 esse
636 2361 786 2434 novimus
810 2361 897 2434 illius
916 2362 1018 2454 dicta,
1032 2389 1072 2437 eo
1099 2366 1198 2464 magis
1208 2376 1248 2438 ast

131 2488 317 2575 dolendum,
340 2493 406 2586 qua
424 2486 542 2584 passim
564 2484 650 2558 docti
672 2487 744 2581 ejus
766 2483 855 2583 apud
872 2487 1052 2561 Germanos
1074 2490 1247 2566 Familiares

132 2610 312 2684 utebantur
334 2611 595 2707 opportunitate,
630 2608 722 2680 novis
745 2608 861 2681 iterum
894 2610 1079 2711 iterumque
1102 2612 1247 2687 librorum

131 2759 265 2806 suorum
293 2732 457 2831 requisitis
489 2729 702 2821 editionibus,
738 2757 839 2804 novas
874 2732 911 2804 iis
941 2733 1117 2809 adhibendi
1146 2761 1249 2821 curan,

132 2857 218 2929 illam
248 2857 310 2929 hoc
343 2855 474 2955 quidem
513 2854 545 2926 in
584 2854 744 2953 opusculo
784 2869 896 2929 nostro
930 2855 1073 2931 defuisse
1097 2859 1251 2958 Collegae

131 2980 225 3063 Quae
242 2977 419 3050 dummodo
438 2977 593 3050 adfuisset
615 2977 859 3075 opportunitate,
883 2978 909 3049 si
929 2978 986 3077 qui
1005 2979 1066 3052 foci
1086 2997 1196 3069 erant,
1217 2982 1253 3056 da

130 3127 270 3202 quorum
295 3101 494 3175 obscuritate
514 3115 572 3175 ant
592 3101 715 3174 minore
739 3100 924 3201 ἀκριβείᾳ
943 3104 1008 3200 jam
1032 3106 1180 3178 nonnulli
1198 3132 1253 3206 pu-

131 3225 215 3298 blice
235 3225 284 3298 vel
303 3225 452 3324 privatim
474 3225 644 3323 conquesti
669 3238 777 3296 essent
796 3226 955 3298 Censores
979 3225 1046 3324 (2),
1075 3254 1140 3300 non
1166 3229 1253 3302 nimis

130 3349 250 3422 difficili
272 3355 372 3448 opera
398 3351 438 3422 ad
462 3354 616 3447 majorem
642 3348 692 3423 vel
720 3350 984 3448 perspicuitatem
1008 3351 1124 3452 refingi
1146 3369 1255 3454 potue-

130 3488 202 3546 rant
228 3473 271 3545 ifli
305 3473 355 3546 vel
386 3473 647 3546 concinnitatem.
701 3476 908 3574 Quamquam
932 3475 1030 3551 nullis
1054 3477 1255 3577 frequentius

167 3800 213 3871 (1)
233 3799 270 3852 m
290 3799 334 3853 hfc
352 3807 381 3852 et
400 3797 477 3864 alibi,
497 3797 542 3852 ubi
561 3795 692 3869 Collegae
709 3798 784 3853 dicta
803 3799 939 3870 quaedam
952 3801 1113 3871 reponenda
1127 3800 1255 3857 videbam·

128 3904 185 3966 tur,
206 3898 332 3951 modesta
351 3897 444 3968 aliqua
474 3915 538 3950 usus
568 3913 628 3950 sum
651 3897 791 3952 libertate.
831 3897 915 3964 Quod
947 3915 1030 3969 aegre
1051 3917 1108 3955 non
1141 3900 1258 3956 laturum

127 3997 222 4064 faisse,
238 3996 261 4050 si
276 3996 392 4064 vireret,
412 3995 474 4067 (qui
495 3995 600 4050 utinam
615 4014 649 4050 ne
666 3996 812 4067 abiissetf)
826 3997 1093 4053 desideratissimum
1109 3998 1256 4056 Auctorem

127 4099 247 4153 confido.
287 4098 380 4168 Atque
399 4096 451 4150 hoe
469 4095 554 4150 semel
574 4095 618 4150 htc
640 4114 684 4151 me
704 4096 809 4150 dixisse
829 4096 957 4152 sufficiet.
979 4129 1013 4139 -
1035 4098 1126 4165 Quem
1144 4099 1188 4154 hfc
1205 4117 1253 4155 ex·

126 4198 225 4264 citavi,
248 4197 324 4251 locus
347 4196 445 4267 prioris
464 4195 539 4248 Foac.
556 4194 672 4265 praefat.
699 4204 811 4262 exstat,
833 4215 863 4268 p.
887 4197 941 4252 VI.
979 4196 1075 4270 Atque
1101 4199 1134 4253 iis
1158 4199 1253 4254 similia

126 4300 208 4354 altera
225 4297 328 4370 repetit
342 4295 481 4367 praefatio.
511 4294 597 4367 Cujus
612 4313 648 4349 ex
665 4296 745 4351 initio
764 4313 835 4368 quae
854 4316 920 4352 mox
939 4297 1022 4352 attuli
1039 4298 1163 4370 reposita
1181 4307 1251 4354 eant.

164 4401 210 4470 (2)
230 4398 296 4453 Vid.
308 4395 442 4469 imprimis
452 4395 588 4450 Fasciculi
598 4394 630 4451 II
643 4412 768 4466 censura,
781 4397 809 4451 in
823 4397 940 4469 Ephem.
958 4399 1099 4454 Wunrfoeial
1111 4400 1139 4454 iro
1153 4399 1249 4468 Liasda

125 4500 161 4555 ad
180 4516 207 4554 a.
230 4503 311 4563 1847,
330 4503 358 4551 4.
379 4515 408 4568 p.
431 4502 484 4551 734
505 4512 568 4567 sqq.
