2782 4958
603 351 770 395 censuras.
959 357 964 364 ‘
1209 333 1250 394 31

121 543 221 610 parem
244 542 308 585 esse
331 518 504 585 facultatem
526 521 659 602 apparet.
706 514 754 579 nx
777 512 922 579 Hebraici
944 515 1024 579 enim
1039 516 1188 580 sermonis
1203 516 1253 580 in·

122 637 210 700 scitid
230 634 371 700 nonnulli
393 634 521 700 subinde
542 631 803 718 interpretationis
825 651 941 696 errores
964 631 1161 697 exstiterunt.

164 749 217 813 sia
240 749 338 834 igitur
352 747 521 821 Versionis,
540 745 577 810 de
599 746 660 830 qud
674 745 804 830 agimus,
823 743 1033 809 admiratorem
1049 749 1172 809 strenue
1187 743 1254 829 ejus

122 883 257 928 caussam
279 867 429 948 agentem,
451 861 528 926 bona
549 860 732 937 laudantem,
758 880 875 925 encres
897 865 1089 925 manaantem
1104 859 1254 925 audimus.

123 976 187 1049 Qui
207 977 344 1063 profecto
374 980 406 1040 et
428 976 485 1040 alia
510 995 581 1040 sere
604 975 694 1051 dicit,
718 979 750 1039 ct
772 974 962 1046 versunum
982 974 1057 1055 hoc,
1089 973 1255 1059 permultos

83 1170 89 1180 ‘
122 1091 188 1175 ejus
210 1089 293 1154 locos
315 1091 446 1175 turpiter
461 1111 479 1153 a
492 1088 624 1154 librariis
639 1093 797 1174 corruptos
813 1109 887 1154 esse.
933 1089 1014 1153 Nam
1029 1087 1152 1174 Aspice
1170 1086 1254 1153 illam

124 1203 241 1268 stabulo
271 1204 498 1288 comparandam
528 1225 609 1283 esse,
643 1203 680 1267 ad
713 1181 793 1287 quod
830 1201 1069 1268 exhauriendum
1103 1200 1255 1267 Hercules

123 1319 232 1404 aliquis
254 1321 439 1404 requiratur,
462 1324 582 1404 patrum
602 1318 664 1402 jam
688 1319 834 1410 memorit
855 1318 932 1382 scite
954 1321 1112 1382 monuerat
1127 1335 1255 1402 maguus

122 1434 172 1499 ille
195 1433 505 1498 Valckenarius.
546 1431 637 1496 ¹Num
659 1452 750 1510 vero,
769 1433 803 1495 iu
820 1433 906 1496 tantt
925 1430 983 1496 htc
1003 1430 1180 1494 mendorum
1203 1449 1256 1492 an·

123 1549 274 1633 tiquitate,
301 1547 461 1625 ranetate,
484 1546 696 1622 multitudine,
722 1546 795 1630 quid
815 1566 919 1611 verum
941 1566 976 1610 ac
999 1565 1177 1632 germanum
1199 1543 1253 1623 sit,

123 1661 262 1727 omnibus
285 1665 338 1726 aut
359 1661 510 1747 plerisque
532 1665 614 1725 certe
636 1660 719 1739 locis,
736 1659 934 1746 probabiliter
957 1660 1116 1745 expiscari,
1142 1657 1255 1722 nedum

124 1783 205 1842 certo
219 1779 365 1842 affirmare
379 1777 546 1862 pominus,
565 1774 758 1841 vehementer
777 1796 825 1839 me
836 1774 975 1840 dubitare
986 1774 1140 1860 profiteor.
1165 1771 1256 1837 The·

123 1891 180 1954 nii
203 1890 325 1975 quidem
348 1890 421 1954 haec
442 1893 520 1955 ratio
541 1893 596 1954 est.
627 1890 691 1974 Ipsi
714 1889 788 1953 adeo
810 1876 969 1954 Versicnis
991 1887 1161 1953 recensioni
1191 1886 1255 1951 Va·

124 2005 243 2070 manaa
265 2005 328 2070 sive
351 2006 524 2081 Romanae,
542 2025 632 2088 quam
655 2009 844 2068 caeterorum
865 2002 956 2088 longe
974 2002 1105 2088 praefert
1119 2000 1255 2070 testimo·

124 2118 191 2198 niis,
213 2117 438 2182 severissimum
456 2137 520 2181 sese
532 2114 656 2202 praebet
673 2120 763 2201 atque
779 2115 1010 2180 audacissimum
1030 2114 1253 2200 castigatorem.

124 2229 222 2296 Multa
244 2233 369 2317 passim,
392 2251 468 2316 quae
490 2253 551 2295 non
574 2230 703 2316 placent,
729 2229 819 2295 tollit.
867 2228 954 2301 Quae
976 2229 1086 2293 omissa
1100 2229 1252 2314 opinatur,

124 2345 228 2430 adjicit
253 2351 343 2429 atque
365 2346 482 2410 inserit.
528 2343 615 2416 Quae
638 2367 656 2409 a
678 2346 784 2410 ssusds
806 2344 935 2408 sanitate
961 2348 1052 2429 atquc
1074 2341 1165 2408 abiis
1187 2346 1255 2407 tex·

124 2461 172 2524 aas
193 2458 341 2525 Hebraioi
376 2459 471 2536 locis,
502 2461 556 2543 qui
590 2458 745 2524 commode
772 2457 945 2523 labefactari
969 2462 1139 2542 nequeunt,
1161 2458 1254 2522 nimis

124 2574 281 2638 manifesto
311 2573 458 2639 recedunt
486 2593 542 2658 pro
570 2571 672 2638 lubitu
694 2579 809 2655 mutat,
846 2573 980 2658 trajicit,
1005 2572 1140 2660 refingit.
1189 2571 1254 2644 Qui
1379 2619 1380 2623 ,

123 2690 192 2753 uero
216 2709 252 2752 er
277 2687 345 2763 hac,
371 2709 460 2773 quam
484 2688 633 2765 diximus,
658 2689 770 2755 crisecs
792 2689 952 2753 severitate
972 2692 1109 2753 remanet
1124 2691 1177 2752 aut
1188 2687 1254 2771 ejus

124 2802 211 2885 opert
235 2801 434 2866 constituitur
454 2806 575 2878 mutus,
599 2801 681 2866 hunc
702 2801 883 2887 ipsissimam
907 2806 1132 2887 repraesentare
1154 2802 1254 2866 Inter·

123 2916 216 2999 pretia
239 2936 363 2980 manum
395 2915 534 3010 affirmat.
582 2916 641 2981 Oui
672 2903 770 3001 igitur
797 2917 842 2980 sic
872 2922 1056 3003 expurgatae
1087 2917 1253 3001 scripturae

126 3025 303 3094 Graecaesi
320 3050 383 3093 non
403 3031 477 3093 satis
495 3030 701 3108 conueniunt,
720 3050 796 3115 quae
815 3031 990 3117 vulgantur,
1011 3030 1182 3107 Hebraico,
1203 3028 1253 3094 his

123 3143 248 3226 pessima
272 3162 444 3227 quaequac
467 3143 577 3207 Gritici
605 3163 696 3208 manu
721 3149 812 3229 atque
836 3151 900 3210 arte
924 3144 1144 3211 reformidanda
1166 3149 1249 3210 suut.

123 3255 216 3342 Cujus
237 3258 272 3321 in
290 3256 493 3340 disputatione
515 3257 674 3342 ingenium
697 3257 853 3323 laudamus
873 3281 908 3323 ac
929 3259 1095 3334 solertiam;
1122 3259 1173 3323 aui
1194 3258 1253 3322 dif-

123 3370 199 3437 ficile
221 3392 284 3435 non
307 3372 386 3434 soret
408 3392 446 3434 ex
468 3370 711 3456 inquinatissima
737 3373 844 3456 quovis
865 3373 978 3437 veteris
1005 3373 1071 3438 aevi
1096 3371 1176 3437 libro
1196 3391 1253 3457 pu·

123 3487 273 3551 tissimum
295 3486 420 3550 efficere.
467 3485 563 3570 OuJus
585 3492 767 3551 tamennon
789 3487 894 3571 paucis
916 3486 992 3550 locis
1014 3467 1087 3550 num
1111 3506 1252 3571 germana

123 3601 161 3665 sit
186 3601 317 3685 reposita
350 3601 484 3666 auctoris
517 3602 681 3686 scriptura,
713 3601 778 3686 pari
804 3598 1015 3686 probabilitate
1037 3600 1072 3663 in
1093 3603 1254 3683 utramque
1375 3635 1381 3645 ·

123 3720 234 3800 pmtem
256 3715 410 3798 disputare
433 3716 542 3800 possis.
556 3717 711 3782 -Porro
732 3717 884 3794 Oriticus,
905 3720 942 3781 ut
963 3735 1051 3791 eum,
1065 3734 1156 3798 quem
1172 3711 1251 3794 vult,

122 3828 235 3892 exitum
259 3827 366 3892 babeat
395 3828 585 3913 disquisitio,
617 3851 651 3893 ac
674 3849 729 3894 sua
750 3829 892 3894 Versioni
917 3833 1037 3893 constet
1057 3829 1250 3914 praestantia,

122 3942 293 4027 frequenter
316 3942 477 4008 admodum
508 3964 594 4019 eum,
624 3963 714 4026 quem
736 3940 828 4027 longe
848 3941 1011 4034 meliorem
1042 3941 1255 4027 purioremque

121 4054 227 4135 habet,
254 4061 374 4122 textum
396 4059 574 4123 Romanam
607 4056 670 4120 sive
701 4055 882 4120 Vaticanum
906 4055 1057 4142 exlongo
1083 4056 1252 4135 deteriore,

121 4190 208 4254 quem
227 4171 362 4255 judicat,
387 4171 602 4238 Alexandrino
627 4169 836 4257 retingendum
858 4175 953 4255 putat.
987 4169 1052 4235 Ubi
1076 4171 1175 4236 denuo
1195 4170 1255 4234 dis·

122 4286 286 4368 putationis
312 4287 556 4371 consequentiam
578 4286 726 4352 desidero.
776 4283 896 4356 Quodsi
927 4283 1026 4361 euim,
1057 4284 1170 4369 exiguo
1200 4282 1255 4348 illo

123 4411 251 4482 quatuor
272 4401 448 4484 primorum
475 4398 620 4486 capitam
649 4400 764 4486 spatio,
800 4404 847 4464 tot
868 4398 962 4478 locis,
993 4402 1070 4483 quot
1092 4400 1134 4484 (p.
1157 4395 1252 4483 XIV)
