2828 4950
218 1079 362 1166 &capsis
390 1077 535 1164 Euonpp.
573 1073 736 1148 Matthaei,
771 1073 882 1151 Marci,
919 1073 1039 1149 Lucam
1073 1097 1139 1140 cam
1170 1077 1256 1154 locis,

266 1196 319 1280 qai
339 1203 510 1279 supersunt,
525 1190 689 1276 parallelis
705 1189 876 1254 litterarum
901 1202 927 1254 et
943 1192 1145 1255 traditionum
1166 1215 1259 1257 cuon-

264 1307 449 1393 pelicarum‚
478 1305 610 1371 Irenaeo
632 1292 858 1390 'antiquiorum
920 1305 974 1368 Ad
1003 1303 1259 1371 Grierbachii

263 1423 403 1489 ordinem
430 1420 629 1499 concinnavit,
659 1417 893 1506 Protcpomeno‚
927 1418 1065 1485 relectam
1091 1425 1259 1506 scripturae

265 1541 457 1616 varietatem,
480 1545 581 1611 notos,
606 1534 720 1598 indicos
742 1533 851 1620 adjecit
872 1533 1099 1625 Rndolplius
1123 1537 1258 1621 Anger,

265 1648 350 1717 Ptil.
380 1660 408 1714 et
439 1646 540 1713 Ilieol.
567 1646 670 1722 Doct,
695 1647 850 1733 utriusque
876 1652 909 1713 in
933 1650 992 1714 Ac.
1022 1649 1115 1736 Lipr.
1141 1648 1262 1736 Proses·

266 1786 330 1843 eor,
355 1775 446 1840 coet.,·
470 1762 558 1848 Lips.
582 1762 680 1827 1852.
704 1761 801 1846 Pagg.
829 1761 867 1840 L,
895 1767 973 1844 276,
999 1762 1155 1829 XLVIII.

638 2039 767 2060 —aeoo—

181 2296 270 2368 Quod
295 2294 361 2358 aliis
387 2295 490 2359 multis
512 2296 545 2360 in
576 2295 686 2370 rebus,
718 2295 796 2358 idem
821 2295 853 2356 in
877 2292 962 2357 libris
986 2294 1177 2359 aestimandis
1207 2315 1265 2358 usu

136 2413 238 2478 venire
262 2410 349 2489 solet,
376 2415 410 2473 nt
434 2409 603 2475 senioribus
633 2416 686 2474 aut
716 2416 789 2473 natu
813 2407 976 2493 majoribus
1005 2410 1144 2474 universe
1167 2409 1265 2475 hnmi-

135 2525 226 2591 nibus
247 2524 417 2609 antiquiora
438 2524 587 2609 placeant,
610 2524 784 2610 junioribus
801 2526 884 2587 'nova
906 2525 1008 2607 potius
1030 2523 1191 2604 arrideant,
1214 2531 1266 2588 aut

135 2639 374 2725 qualemcunque
404 2640 548 2703 novitatis
578 2641 707 2725 speciem
740 2637 1264 2724 commendationemquehabentia.

136 2755 337 2838 Quamquam,
363 2775 452 2838 apum
477 2755 573 2819 instar
594 2755 820 2842 florigeram,
843 2759 934 2818 etex
957 2754 1018 2818 illis
1041 2758 1072 2818 ct
1094 2775 1131 2818 ex
1152 2754 1199 2818 his
1213 2775 1267 2838 up·

135 2872 212 2935 tima
233 2890 368 2954 quaeque
388 2868 517 2954 seligere
540 2891 590 2944 ac,
616 2872 747 2956 partium
778 2869 880 2933 studio
910 2869 1052 2956 seposito,
1086 2873 1204 2934 nostris
1234 2869 1268 2933 in

137 3007 211 3051 usus
233 2990 420 3060 convertere,
446 3004 502 3047 nec
524 2985 716 3069 ingeniorum
732 2986 765 3048 in
789 2985 916 3048 censuri
931 2985 1037 3048 aetatis
1054 2985 1161 3070 magis,
1178 3006 1267 3068 qnam

137 3101 326 3175 meritorum,
344 3098 491 3162 rationem
507 3096 629 3176 habere,
653 3121 740 3162 senes
758 3099 945 3183 juvenesque
961 3121 995 3163 ac
1014 3099 1080 3163 sine
1095 3099 1269 3164 discrimina

137 3235 241 3280 omnes
264 3235 281 3278 a
302 3213 473 3298 Sapientiae
496 3234 569 3277 voco
591 3213 774 3297 monitisque
794 3211 951 3296 jubemur.

184 3326 339 3411 Quicquid
363 3327 420 3402 sit;
446 3328 591 3413 Angeri
614 3326 699 3391 hicce
721 3326 799 3393 liber
821 3335 853 3392 et
875 3351 892 3392 a
914 3328 1040 3414 probata
1069 3328 1188 3393 laudem
1218 3328 1269 3392 ha·

138 3441 192 3506 bet
213 3442 395 3524 antiquitate
416 3444 448 3504 et
469 3463 486 3504 a
508 3442 595 3526 grata
617 3441 762 3505 novitate.
811 3424 944 3519 Etenim,
967 3442 1003 3506 de
1026 3441 1126 3526 priore
1149 3441 1218 3505 dote
1233 3447 1269 3506 ut

138 3557 271 3642 primum
302 3577 396 3641 panca
426 3554 579 3631 dicamus,
612 3556 656 3619 ad
681 3553 920 3621 Griesbachii
952 3558 1090 3621 ordinem
1114 3577 1181 3619 enm
1206 3577 1269 3618 sese

139 3672 349 3748 concinnasse,
375 3692 412 3736 ex
433 3692 506 3736 ¹vero
529 3670 688 3756 profitetur
701 3672 830 3736 Auctor.
879 3669 1196 3736 Griesbachiane
1218 3692 1270 3735 au·

138 3792 215 3864 tem,
250 3808 311 3871 qno
346 3787 480 3871 respicIt,
513 3785 676 3872 synopsis,
713 3788 843 3870 quacum
871 3785 1090 3871 permultorum
1124 3805 1270 3849 annorum

138 3921 199 3966 usu
221 3901 395 3965 interiorem
418 3901 554 3967 contraxi
576 3901 823 3982 familiaritatem,
848 3902 945 3986 quoad
968 3903 1062 3986 ipsam
1086 3905 1167 3965 certe
1189 3901 1270 3965 loco·
1324 3988 1325 3993 η

138 4037 209 4082 rum
232 4014 476 4100 euangelicorum
497 4016 746 4100 comparationem
766 4017 949 4100 testIumque
968 4015 1121 4082 varietatis
1137 4011 1269 4079 notatio-

137 4151 221 4209 nem,
249 4129 361 4194 nostris
384 4129 421 4193 de
444 4130 553 4193 studiis
576 4127 652 4194 bene
673 4131 817 4195 meruisse
834 4129 909 4194 mihi
931 4131 993 4194 visa
1011 4137 1058 4194 est
1074 4129 1135 4215 (l).
1171 4129 1271 4214 Ipsius

128 4285 276 4297 ,---.-.-

175 4380 213 4442 (1)
232 4380 275 4430 Ad
294 4380 417 4444 Angeri
442 4382 535 4433 librum
560 4383 671 4445 aliasque
695 4383 878 4434 recentissimas
896 4379 1012 4443 Euangg.
1035 4378 1154 4444 Synopecc
1175 4379 1271 4429 aditum
