<?xml version="1.0" encoding="UTF-8"?>
<!DOCTYPE html PUBLIC "-//W3C//DTD XHTML 1.0 Transitional//EN"
    "http://www.w3.org/TR/xhtml1/DTD/xhtml1-transitional.dtd">
<html xmlns="http://www.w3.org/1999/xhtml" xml:lang="en" lang="en">
 <head>
  <title>
</title>
<meta http-equiv="Content-Type" content="text/html;charset=utf-8" />
  <meta name='ocr-system' content='tesseract 3.04.00' />
  <meta name='ocr-capabilities' content='ocr_page ocr_carea ocr_par ocr_line ocrx_word'/>
</head>
<body>
  <div class='ocr_page' id='page_1' title='image "./chartaetheologi00boumgoog_0177.png"; bbox 0 0 2782 4958; ppageno 0'>
   <div class='ocr_carea' id='block_1_1' title="bbox 166 337 908 405">
    <p class='ocr_par' dir='ltr' id='par_1_1' title="bbox 166 337 908 405">
     <span class='ocr_line' id='line_1_1' title="bbox 166 337 908 405; baseline 0.004 -5"><span class='ocrx_word' id='word_1_1' title='bbox 166 337 230 400; x_wconf 89' lang='grc'>160</span> <span class='ocrx_word' id='word_1_2' title='bbox 556 359 595 401; x_wconf 88' lang='lat' dir='ltr'>nr</span> <span class='ocrx_word' id='word_1_3' title='bbox 619 359 719 403; x_wconf 82' lang='lat' dir='ltr'>nurse</span> <span class='ocrx_word' id='word_1_4' title='bbox 743 361 908 405; x_wconf 80' lang='lat' dir='ltr'>eoruscare</span> 
     </span>
    </p>
   </div>
   <div class='ocr_carea' id='block_1_2' title="bbox 158 525 1315 2761">
    <p class='ocr_par' dir='ltr' id='par_1_2' title="bbox 159 525 1312 1978">
     <span class='ocr_line' id='line_1_2' title="bbox 167 525 1302 612; baseline -0.002 -22"><span class='ocrx_word' id='word_1_5' title='bbox 167 548 201 591; x_wconf 87' lang='lat' dir='ltr'>ac</span> <span class='ocrx_word' id='word_1_6' title='bbox 230 526 394 591; x_wconf 90' lang='lat' dir='ltr'>lectoribus</span> <span class='ocrx_word' id='word_1_7' title='bbox 424 525 542 590; x_wconf 81' lang='lat' dir='ltr'><strong>tradere</strong></span> <span class='ocrx_word' id='word_1_8' title='bbox 569 527 775 612; x_wconf 81' lang='lat' dir='ltr'>neglexerant.</span> <span class='ocrx_word' id='word_1_9' title='bbox 825 525 965 600; x_wconf 85' lang='lat' dir='ltr'>Verum,</span> <span class='ocrx_word' id='word_1_10' title='bbox 998 525 1031 589; x_wconf 90' lang='lat' dir='ltr'>in</span> <span class='ocrx_word' id='word_1_11' title='bbox 1061 529 1173 589; x_wconf 88' lang='lat' dir='ltr'>terram</span> <span class='ocrx_word' id='word_1_12' title='bbox 1201 526 1302 610; x_wconf 90' lang='lat' dir='ltr'>potius</span> 
     </span>
     <span class='ocr_line' id='line_1_3' title="bbox 164 638 1299 725; baseline 0 -22"><span class='ocrx_word' id='word_1_13' title='bbox 164 640 333 715; x_wconf 91' lang='lat' dir='ltr'>inclinatis,</span> <span class='ocrx_word' id='word_1_14' title='bbox 366 661 454 725; x_wconf 91' lang='lat' dir='ltr'>quam</span> <span class='ocrx_word' id='word_1_15' title='bbox 488 641 520 704; x_wconf 92' lang='lat' dir='ltr'>in</span> <span class='ocrx_word' id='word_1_16' title='bbox 549 641 666 705; x_wconf 91' lang='lat' dir='ltr'>coelum</span> <span class='ocrx_word' id='word_1_17' title='bbox 694 638 838 716; x_wconf 89' lang='lat' dir='ltr'>sublatis,</span> <span class='ocrx_word' id='word_1_18' title='bbox 869 639 986 719; x_wconf 89' lang='lat' dir='ltr'>oculis,</span> <span class='ocrx_word' id='word_1_19' title='bbox 1017 639 1052 701; x_wconf 94' lang='lat' dir='ltr'>ad</span> <span class='ocrx_word' id='word_1_20' title='bbox 1084 640 1230 703; x_wconf 80' lang='lat' dir='ltr'>inferiora</span> <span class='ocrx_word' id='word_1_21' title='bbox 1253 639 1299 704; x_wconf 90' lang='lat' dir='ltr'>vel</span> 
     </span>
     <span class='ocr_line' id='line_1_4' title="bbox 161 753 1300 840; baseline -0.002 -22"><span class='ocrx_word' id='word_1_22' title='bbox 161 754 292 819; x_wconf 88' lang='lat' dir='ltr'>videnda</span> <span class='ocrx_word' id='word_1_23' title='bbox 314 756 361 820; x_wconf 91' lang='lat' dir='ltr'>vel</span> <span class='ocrx_word' id='word_1_24' title='bbox 383 755 562 840; x_wconf 89' lang='lat' dir='ltr'>suspicanda</span> <span class='ocrx_word' id='word_1_25' title='bbox 586 757 817 840; x_wconf 80' lang='lat' dir='ltr'>perspicaciores</span> <span class='ocrx_word' id='word_1_26' title='bbox 841 776 905 818; x_wconf 88' lang='lat' dir='ltr'>sese</span> <span class='ocrx_word' id='word_1_27' title='bbox 927 754 1133 838; x_wconf 80' lang='lat' dir='ltr'>prodiderant,</span> <span class='ocrx_word' id='word_1_28' title='bbox 1154 753 1300 837; x_wconf 84' lang='lat' dir='ltr'>quemad</span> 
     </span>
     <span class='ocr_line' id='line_1_5' title="bbox 160 867 1301 954; baseline -0.003 -23"><span class='ocrx_word' id='word_1_29' title='bbox 160 867 336 933; x_wconf 87' lang='lat' dir='ltr'>sublimiora</span> <span class='ocrx_word' id='word_1_30' title='bbox 359 870 528 933; x_wconf 88' lang='lat' dir='ltr'>contuenda</span> <span class='ocrx_word' id='word_1_31' title='bbox 552 875 641 954; x_wconf 90' lang='lat' dir='ltr'>atque</span> <span class='ocrx_word' id='word_1_32' title='bbox 665 868 850 932; x_wconf 89' lang='lat' dir='ltr'>admiranda.</span> <span class='ocrx_word' id='word_1_33' title='bbox 893 868 987 931; x_wconf 86' lang='lat' dir='ltr'>Acuti</span> <span class='ocrx_word' id='word_1_34' title='bbox 1010 867 1134 951; x_wconf 89' lang='lat' dir='ltr'>quidem</span> <span class='ocrx_word' id='word_1_35' title='bbox 1158 872 1246 931; x_wconf 89' lang='lat' dir='ltr'>eraut</span> <span class='ocrx_word' id='word_1_36' title='bbox 1267 888 1301 929; x_wconf 90' lang='lat' dir='ltr'>ac</span> 
     </span>
     <span class='ocr_line' id='line_1_6' title="bbox 161 954 1301 1066; baseline -0.001 -22"><span class='ocrx_word' id='word_1_37' title='bbox 161 954 274 1066; x_wconf 83' lang='lat' dir='ltr'>copiosi</span> <span class='ocrx_word' id='word_1_38' title='bbox 301 984 333 1046; x_wconf 92' lang='lat' dir='ltr'>in</span> <span class='ocrx_word' id='word_1_39' title='bbox 364 984 561 1048; x_wconf 88' lang='lat' dir='ltr'>Sacerdotum</span> <span class='ocrx_word' id='word_1_40' title='bbox 591 985 719 1060; x_wconf 64' lang='lat' dir='ltr'>astutis,</span> <span class='ocrx_word' id='word_1_41' title='bbox 753 982 931 1066; x_wconf 83' lang='lat' dir='ltr'>Principum</span> <span class='ocrx_word' id='word_1_42' title='bbox 954 981 1136 1066; x_wconf 85' lang='lat' dir='ltr'>Regumqne</span> <span class='ocrx_word' id='word_1_43' title='bbox 1161 981 1301 1044; x_wconf 88' lang='lat' dir='ltr'>domina-</span> 
     </span>
     <span class='ocr_line' id='line_1_7' title="bbox 160 1094 1304 1182; baseline 0 -23"><span class='ocrx_word' id='word_1_44' title='bbox 160 1095 258 1172; x_wconf 88' lang='lat' dir='ltr'>tione,</span> <span class='ocrx_word' id='word_1_45' title='bbox 281 1096 378 1180; x_wconf 89' lang='lat' dir='ltr'>plebis</span> <span class='ocrx_word' id='word_1_46' title='bbox 398 1098 591 1182; x_wconf 86' lang='lat' dir='ltr'>stupiditate,</span> <span class='ocrx_word' id='word_1_47' title='bbox 624 1102 713 1179; x_wconf 89' lang='lat' dir='ltr'>atque</span> <span class='ocrx_word' id='word_1_48' title='bbox 741 1097 880 1160; x_wconf 87' lang='lat' dir='ltr'>universe</span> <span class='ocrx_word' id='word_1_49' title='bbox 904 1097 937 1159; x_wconf 91' lang='lat' dir='ltr'>in</span> <span class='ocrx_word' id='word_1_50' title='bbox 960 1094 1148 1160; x_wconf 84' lang='lat' dir='ltr'>Clericorum</span> <span class='ocrx_word' id='word_1_51' title='bbox 1172 1117 1208 1159; x_wconf 91' lang='lat' dir='ltr'>ac</span> <span class='ocrx_word' id='word_1_52' title='bbox 1235 1095 1304 1161; x_wconf 78' lang='lat' dir='ltr'>Lai·</span> 
     </span>
     <span class='ocr_line' id='line_1_8' title="bbox 159 1209 1302 1294; baseline 0.002 -22"><span class='ocrx_word' id='word_1_53' title='bbox 159 1230 262 1274; x_wconf 88' lang='lat' dir='ltr'>corum</span> <span class='ocrx_word' id='word_1_54' title='bbox 289 1210 460 1285; x_wconf 87' lang='lat' dir='ltr'>erroribus,</span> <span class='ocrx_word' id='word_1_55' title='bbox 487 1212 588 1287; x_wconf 91' lang='lat' dir='ltr'>vitiis,</span> <span class='ocrx_word' id='word_1_56' title='bbox 617 1210 827 1288; x_wconf 83' lang='lat' dir='ltr'>simulatione,</span> <span class='ocrx_word' id='word_1_57' title='bbox 862 1209 1028 1274; x_wconf 87' lang='lat' dir='ltr'>stoliditate</span> <span class='ocrx_word' id='word_1_58' title='bbox 1053 1209 1302 1294; x_wconf 74' lang='lat' dir='ltr'>reprehendendt</span> 
     </span>
     <span class='ocr_line' id='line_1_9' title="bbox 159 1322 1305 1408; baseline 0.001 -22"><span class='ocrx_word' id='word_1_59' title='bbox 159 1345 194 1388; x_wconf 89' lang='lat' dir='ltr'>ac</span> <span class='ocrx_word' id='word_1_60' title='bbox 223 1323 350 1388; x_wconf 82' lang='lat' dir='ltr'>subinde</span> <span class='ocrx_word' id='word_1_61' title='bbox 382 1324 517 1389; x_wconf 82' lang='lat' dir='ltr'>ridendh.</span> <span class='ocrx_word' id='word_1_62' title='bbox 565 1324 680 1388; x_wconf 88' lang='lat' dir='ltr'>Verum</span> <span class='ocrx_word' id='word_1_63' title='bbox 713 1345 803 1408; x_wconf 88' lang='lat' dir='ltr'>quam</span> <span class='ocrx_word' id='word_1_64' title='bbox 832 1322 956 1386; x_wconf 85' lang='lat' dir='ltr'>hebetes</span> <span class='ocrx_word' id='word_1_65' title='bbox 982 1328 1017 1386; x_wconf 91' lang='lat' dir='ltr'>ut</span> <span class='ocrx_word' id='word_1_66' title='bbox 1047 1323 1216 1407; x_wconf 88' lang='lat' dir='ltr'>plurimum</span> <span class='ocrx_word' id='word_1_67' title='bbox 1250 1329 1305 1387; x_wconf 85' lang='lat' dir='ltr'>aut</span> 
     </span>
     <span class='ocr_line' id='line_1_10' title="bbox 159 1436 1310 1523; baseline 0.002 -25"><span class='ocrx_word' id='word_1_68' title='bbox 159 1437 299 1499; x_wconf 89' lang='lat' dir='ltr'>socordes</span> <span class='ocrx_word' id='word_1_69' title='bbox 320 1445 402 1501; x_wconf 89' lang='lat' dir='ltr'>certe</span> <span class='ocrx_word' id='word_1_70' title='bbox 424 1461 488 1502; x_wconf 91' lang='lat' dir='ltr'>sese</span> <span class='ocrx_word' id='word_1_71' title='bbox 510 1436 709 1523; x_wconf 86' lang='lat' dir='ltr'>praebebant,</span> <span class='ocrx_word' id='word_1_72' title='bbox 732 1437 785 1501; x_wconf 92' lang='lat' dir='ltr'>uhi</span> <span class='ocrx_word' id='word_1_73' title='bbox 807 1438 877 1501; x_wconf 92' lang='lat' dir='ltr'>fidei</span> <span class='ocrx_word' id='word_1_74' title='bbox 897 1438 1078 1522; x_wconf 87' lang='lat' dir='ltr'>pietatisque</span> <span class='ocrx_word' id='word_1_75' title='bbox 1098 1437 1145 1500; x_wconf 87' lang='lat' dir='ltr'>vis</span> <span class='ocrx_word' id='word_1_76' title='bbox 1168 1458 1203 1500; x_wconf 91' lang='lat' dir='ltr'>ac</span> <span class='ocrx_word' id='word_1_77' title='bbox 1219 1459 1310 1522; x_wconf 86' lang='lat' dir='ltr'>mag-</span> 
     </span>
     <span class='ocr_line' id='line_1_11' title="bbox 160 1551 1309 1634; baseline 0.001 -21"><span class='ocrx_word' id='word_1_78' title='bbox 160 1552 322 1614; x_wconf 88' lang='lat' dir='ltr'>nanimitas</span> <span class='ocrx_word' id='word_1_79' title='bbox 349 1553 530 1617; x_wconf 81' lang='lat' dir='ltr'>aestimanda</span> <span class='ocrx_word' id='word_1_80' title='bbox 555 1557 620 1615; x_wconf 86' lang='lat' dir='ltr'>erat</span> <span class='ocrx_word' id='word_1_81' title='bbox 646 1557 677 1615; x_wconf 90' lang='lat' dir='ltr'>et</span> <span class='ocrx_word' id='word_1_82' title='bbox 704 1552 871 1630; x_wconf 89' lang='lat' dir='ltr'>laudanda,</span> <span class='ocrx_word' id='word_1_83' title='bbox 903 1572 995 1634; x_wconf 90' lang='lat' dir='ltr'>quae,</span> <span class='ocrx_word' id='word_1_84' title='bbox 1023 1551 1124 1614; x_wconf 88' lang='lat' dir='ltr'>Deum</span> <span class='ocrx_word' id='word_1_85' title='bbox 1151 1571 1309 1633; x_wconf 83' lang='lat' dir='ltr'>quaerens</span> 
     </span>
     <span class='ocr_line' id='line_1_12' title="bbox 160 1643 1309 1751; baseline 0.002 -24"><span class='ocrx_word' id='word_1_86' title='bbox 160 1683 254 1727; x_wconf 86' lang='lat' dir='ltr'>uuum</span> <span class='ocrx_word' id='word_1_87' title='bbox 278 1663 492 1749; x_wconf 82' lang='lat' dir='ltr'>Christumque</span> <span class='ocrx_word' id='word_1_88' title='bbox 515 1643 773 1742; x_wconf 76' lang='lat' dir='ltr'>conservatorem,</span> <span class='ocrx_word' id='word_1_89' title='bbox 798 1666 874 1730; x_wconf 88' lang='lat' dir='ltr'>coeli</span> <span class='ocrx_word' id='word_1_90' title='bbox 898 1672 1017 1730; x_wconf 92' lang='lat' dir='ltr'>tautum</span> <span class='ocrx_word' id='word_1_91' title='bbox 1041 1667 1236 1730; x_wconf 87' lang='lat' dir='ltr'>sanctitatem</span> <span class='ocrx_word' id='word_1_92' title='bbox 1254 1689 1309 1751; x_wconf 91' lang='lat' dir='ltr'>ap·</span> 
     </span>
     <span class='ocr_line' id='line_1_13' title="bbox 160 1776 1312 1867; baseline 0.005 -28"><span class='ocrx_word' id='word_1_93' title='bbox 160 1777 265 1861; x_wconf 87' lang='lat' dir='ltr'>petens</span> <span class='ocrx_word' id='word_1_94' title='bbox 287 1799 322 1840; x_wconf 91' lang='lat' dir='ltr'>ac</span> <span class='ocrx_word' id='word_1_95' title='bbox 350 1776 586 1860; x_wconf 89' lang='lat' dir='ltr'>beatitudinem,</span> <span class='ocrx_word' id='word_1_96' title='bbox 614 1787 712 1845; x_wconf 89' lang='lat' dir='ltr'>terrae</span> <span class='ocrx_word' id='word_1_97' title='bbox 738 1781 907 1865; x_wconf 86' lang='lat' dir='ltr'>voluptates</span> <span class='ocrx_word' id='word_1_98' title='bbox 934 1786 1024 1864; x_wconf 88' lang='lat' dir='ltr'>atque</span> <span class='ocrx_word' id='word_1_99' title='bbox 1059 1779 1220 1861; x_wconf 88' lang='lat' dir='ltr'>illecebras</span> <span class='ocrx_word' id='word_1_100' title='bbox 1249 1803 1312 1867; x_wconf 88' lang='lat' dir='ltr'>ge-</span> 
     </span>
     <span class='ocr_line' id='line_1_14' title="bbox 160 1894 673 1978; baseline 0.006 -23"><span class='ocrx_word' id='word_1_101' title='bbox 160 1913 265 1956; x_wconf 90' lang='lat' dir='ltr'>nerose</span> <span class='ocrx_word' id='word_1_102' title='bbox 293 1894 408 1978; x_wconf 89' lang='lat' dir='ltr'>spernit</span> <span class='ocrx_word' id='word_1_103' title='bbox 428 1916 462 1957; x_wconf 90' lang='lat' dir='ltr'>ac</span> <span class='ocrx_word' id='word_1_104' title='bbox 489 1896 673 1959; x_wconf 89' lang='lat' dir='ltr'>contemnit!</span> 
     </span>
    </p>

    <p class='ocr_par' dir='ltr' id='par_1_3' title="bbox 158 2005 1315 2761">
     <span class='ocr_line' id='line_1_15' title="bbox 204 2005 1310 2093; baseline 0.003 -24"><span class='ocrx_word' id='word_1_105' title='bbox 204 2005 307 2089; x_wconf 88' lang='lat' dir='ltr'>Hujus</span> <span class='ocrx_word' id='word_1_106' title='bbox 333 2009 428 2092; x_wconf 90' lang='lat' dir='ltr'>ipsius</span> <span class='ocrx_word' id='word_1_107' title='bbox 450 2015 550 2072; x_wconf 88' lang='lat' dir='ltr'>autem</span> <span class='ocrx_word' id='word_1_108' title='bbox 577 2009 698 2093; x_wconf 91' lang='lat' dir='ltr'>pietatis</span> <span class='ocrx_word' id='word_1_109' title='bbox 728 2008 761 2071; x_wconf 94' lang='lat' dir='ltr'>in</span> <span class='ocrx_word' id='word_1_110' title='bbox 784 2010 966 2093; x_wconf 81' lang='lat' dir='ltr'>praestantid</span> <span class='ocrx_word' id='word_1_111' title='bbox 989 2030 1024 2070; x_wconf 89' lang='lat' dir='ltr'>ac</span> <span class='ocrx_word' id='word_1_112' title='bbox 1043 2005 1198 2071; x_wconf 87' lang='lat' dir='ltr'>fructibus</span> <span class='ocrx_word' id='word_1_113' title='bbox 1223 2029 1310 2072; x_wconf 88' lang='lat' dir='ltr'>con·</span> 
     </span>
     <span class='ocr_line' id='line_1_16' title="bbox 159 2120 1307 2206; baseline 0.003 -22"><span class='ocrx_word' id='word_1_114' title='bbox 159 2120 339 2204; x_wconf 91' lang='lat' dir='ltr'>templandis</span> <span class='ocrx_word' id='word_1_115' title='bbox 361 2123 458 2206; x_wconf 92' lang='lat' dir='ltr'>iisque</span> <span class='ocrx_word' id='word_1_116' title='bbox 481 2128 512 2186; x_wconf 90' lang='lat' dir='ltr'>et</span> <span class='ocrx_word' id='word_1_117' title='bbox 530 2123 566 2186; x_wconf 91' lang='lat' dir='ltr'>ad</span> <span class='ocrx_word' id='word_1_118' title='bbox 586 2124 765 2187; x_wconf 86' lang='lat' dir='ltr'>imitationis</span> <span class='ocrx_word' id='word_1_119' title='bbox 785 2124 1013 2189; x_wconf 88' lang='lat' dir='ltr'>aemulationem</span> <span class='ocrx_word' id='word_1_120' title='bbox 1036 2122 1307 2200; x_wconf 87' lang='lat' dir='ltr'>commendandis,</span> 
     </span>
     <span class='ocr_line' id='line_1_17' title="bbox 160 2235 1303 2321; baseline 0.004 -23"><span class='ocrx_word' id='word_1_121' title='bbox 160 2241 191 2299; x_wconf 89' lang='lat' dir='ltr'>et</span> <span class='ocrx_word' id='word_1_122' title='bbox 216 2236 253 2299; x_wconf 92' lang='lat' dir='ltr'>ad</span> <span class='ocrx_word' id='word_1_123' title='bbox 275 2235 410 2310; x_wconf 89' lang='lat' dir='ltr'>Christi,</span> <span class='ocrx_word' id='word_1_124' title='bbox 437 2236 591 2302; x_wconf 89' lang='lat' dir='ltr'>hominum</span> <span class='ocrx_word' id='word_1_125' title='bbox 621 2239 738 2302; x_wconf 89' lang='lat' dir='ltr'>animos</span> <span class='ocrx_word' id='word_1_126' title='bbox 761 2238 943 2302; x_wconf 87' lang='lat' dir='ltr'>consolantis</span> <span class='ocrx_word' id='word_1_127' title='bbox 967 2244 1058 2321; x_wconf 87' lang='lat' dir='ltr'>etque</span> <span class='ocrx_word' id='word_1_128' title='bbox 1085 2239 1303 2318; x_wconf 90' lang='lat' dir='ltr'>emendantis,</span> 
     </span>
     <span class='ocr_line' id='line_1_18' title="bbox 159 2349 1313 2428; baseline 0.003 -15"><span class='ocrx_word' id='word_1_129' title='bbox 159 2349 303 2415; x_wconf 90' lang='lat' dir='ltr'>honorem</span> <span class='ocrx_word' id='word_1_130' title='bbox 327 2352 537 2415; x_wconf 86' lang='lat' dir='ltr'>convertendis</span> <span class='ocrx_word' id='word_1_131' title='bbox 559 2352 602 2415; x_wconf 91' lang='lat' dir='ltr'>ita</span> <span class='ocrx_word' id='word_1_132' title='bbox 625 2357 708 2417; x_wconf 89' lang='lat' dir='ltr'>totus</span> <span class='ocrx_word' id='word_1_133' title='bbox 730 2360 795 2417; x_wconf 89' lang='lat' dir='ltr'>erat</span> <span class='ocrx_word' id='word_1_134' title='bbox 818 2352 1012 2428; x_wconf 88' lang='lat' dir='ltr'>Neander,</span> <span class='ocrx_word' id='word_1_135' title='bbox 1035 2357 1072 2416; x_wconf 90' lang='lat' dir='ltr'>nt</span> <span class='ocrx_word' id='word_1_136' title='bbox 1095 2358 1226 2416; x_wconf 84' lang='lat' dir='ltr'>externa</span> <span class='ocrx_word' id='word_1_137' title='bbox 1251 2353 1313 2418; x_wconf 81' lang='lat' dir='ltr'>illa</span> 
     </span>
     <span class='ocr_line' id='line_1_19' title="bbox 158 2464 1315 2552; baseline 0.003 -24"><span class='ocrx_word' id='word_1_138' title='bbox 158 2486 192 2528; x_wconf 91' lang='lat' dir='ltr'>ac</span> <span class='ocrx_word' id='word_1_139' title='bbox 219 2464 342 2549; x_wconf 88' lang='lat' dir='ltr'>politica</span> <span class='ocrx_word' id='word_1_140' title='bbox 372 2466 473 2530; x_wconf 89' lang='lat' dir='ltr'>minus</span> <span class='ocrx_word' id='word_1_141' title='bbox 496 2467 630 2530; x_wconf 90' lang='lat' dir='ltr'>studiose</span> <span class='ocrx_word' id='word_1_142' title='bbox 653 2474 883 2552; x_wconf 91' lang='lat' dir='ltr'>persequeretur</span> <span class='ocrx_word' id='word_1_143' title='bbox 914 2466 1059 2530; x_wconf 89' lang='lat' dir='ltr'>historiae</span> <span class='ocrx_word' id='word_1_144' title='bbox 1090 2472 1246 2531; x_wconf 87' lang='lat' dir='ltr'>momenta</span> <span class='ocrx_word' id='word_1_145' title='bbox 1273 2473 1315 2531; x_wconf 75' lang='lat' dir='ltr'>et</span> 
     </span>
     <span class='ocr_line' id='line_1_20' title="bbox 158 2578 1311 2664; baseline 0.003 -22"><span class='ocrx_word' id='word_1_146' title='bbox 158 2578 310 2663; x_wconf 86' lang='lat' dir='ltr'>adjuncta.</span> <span class='ocrx_word' id='word_1_147' title='bbox 359 2579 472 2645; x_wconf 78' lang='lat' dir='ltr'>Elorum</span> <span class='ocrx_word' id='word_1_148' title='bbox 496 2580 635 2663; x_wconf 90' lang='lat' dir='ltr'>quidem,</span> <span class='ocrx_word' id='word_1_149' title='bbox 660 2602 735 2664; x_wconf 88' lang='lat' dir='ltr'>quos</span> <span class='ocrx_word' id='word_1_150' title='bbox 759 2582 904 2655; x_wconf 84' lang='lat' dir='ltr'>diximus,</span> <span class='ocrx_word' id='word_1_151' title='bbox 930 2579 1157 2643; x_wconf 89' lang='lat' dir='ltr'>Historicorum</span> <span class='ocrx_word' id='word_1_152' title='bbox 1180 2580 1311 2663; x_wconf 80' lang='lat' dir='ltr'>judicio</span> 
     </span>
     <span class='ocr_line' id='line_1_21' title="bbox 158 2692 1312 2761; baseline 0.007 -7"><span class='ocrx_word' id='word_1_153' title='bbox 158 2692 330 2757; x_wconf 89' lang='lat' dir='ltr'>mortalium</span> <span class='ocrx_word' id='word_1_154' title='bbox 354 2698 470 2758; x_wconf 89' lang='lat' dir='ltr'>tantum</span> <span class='ocrx_word' id='word_1_155' title='bbox 503 2693 618 2758; x_wconf 89' lang='lat' dir='ltr'>artibus</span> <span class='ocrx_word' id='word_1_156' title='bbox 641 2716 675 2758; x_wconf 91' lang='lat' dir='ltr'>ac</span> <span class='ocrx_word' id='word_1_157' title='bbox 698 2693 973 2759; x_wconf 86' lang='lat' dir='ltr'>machinationibus</span> <span class='ocrx_word' id='word_1_158' title='bbox 995 2701 1108 2759; x_wconf 90' lang='lat' dir='ltr'>temere</span> <span class='ocrx_word' id='word_1_159' title='bbox 1131 2695 1312 2761; x_wconf 86' lang='lat' dir='ltr'>conflatum</span> 
     </span>
    </p>
   </div>
   <div class='ocr_carea' id='block_1_3' title="bbox 32 2804 1310 2893">
    <p class='ocr_par' dir='ltr' id='par_1_4' title="bbox 32 2804 1310 2893">
     <span class='ocr_line' id='line_1_22' title="bbox 32 2804 1310 2893; baseline 0.008 -27"><span class='ocrx_word' id='word_1_160' title='bbox 32 2877 39 2883; x_wconf 37' lang='grc'><strong><em>,</em></strong></span> <span class='ocrx_word' id='word_1_161' title='bbox 158 2804 327 2869; x_wconf 87' lang='lat' dir='ltr'>aedificium</span> <span class='ocrx_word' id='word_1_162' title='bbox 358 2807 454 2870; x_wconf 87' lang='lat' dir='ltr'>videri</span> <span class='ocrx_word' id='word_1_163' title='bbox 482 2813 599 2892; x_wconf 89' lang='lat' dir='ltr'>poterat</span> <span class='ocrx_word' id='word_1_164' title='bbox 631 2807 778 2872; x_wconf 80' lang='lat' dir='ltr'>Ecclesia.</span> <span class='ocrx_word' id='word_1_165' title='bbox 828 2809 930 2892; x_wconf 89' lang='lat' dir='ltr'>Hujus</span> <span class='ocrx_word' id='word_1_166' title='bbox 956 2830 1028 2873; x_wconf 89' lang='lat' dir='ltr'>vero</span> <span class='ocrx_word' id='word_1_167' title='bbox 1051 2810 1118 2893; x_wconf 88' lang='lat' dir='ltr'>piae</span> <span class='ocrx_word' id='word_1_168' title='bbox 1140 2812 1241 2874; x_wconf 90' lang='lat' dir='ltr'>menti</span> <span class='ocrx_word' id='word_1_169' title='bbox 1267 2817 1310 2876; x_wconf 79' lang='lat' dir='ltr'>nt</span> 
     </span>
    </p>
   </div>
   <div class='ocr_carea' id='block_1_4' title="bbox 155 2917 1307 3580">
    <p class='ocr_par' dir='ltr' id='par_1_5' title="bbox 155 2917 1307 3580">
     <span class='ocr_line' id='line_1_23' title="bbox 158 2917 1302 3008; baseline 0.006 -25"><span class='ocrx_word' id='word_1_170' title='bbox 158 2917 222 2983; x_wconf 81' lang='lat' dir='ltr'>Dei</span> <span class='ocrx_word' id='word_1_171' title='bbox 245 2942 371 3004; x_wconf 76' lang='lat' dir='ltr'>repham</span> <span class='ocrx_word' id='word_1_172' title='bbox 391 2920 627 2996; x_wconf 81' lang='lat' dir='ltr'>informabatur;</span> <span class='ocrx_word' id='word_1_173' title='bbox 651 2922 739 3005; x_wconf 89' lang='lat' dir='ltr'>cujus</span> <span class='ocrx_word' id='word_1_174' title='bbox 762 2944 837 3006; x_wconf 90' lang='lat' dir='ltr'>quae</span> <span class='ocrx_word' id='word_1_175' title='bbox 860 2924 938 2997; x_wconf 85' lang='lat' dir='ltr'>seta,</span> <span class='ocrx_word' id='word_1_176' title='bbox 960 2944 1037 3008; x_wconf 90' lang='lat' dir='ltr'>quae</span> <span class='ocrx_word' id='word_1_177' title='bbox 1060 2924 1108 2987; x_wconf 93' lang='lat' dir='ltr'>vis</span> <span class='ocrx_word' id='word_1_178' title='bbox 1130 2923 1302 3006; x_wconf 89' lang='lat' dir='ltr'>salutaris,</span> 
     </span>
     <span class='ocr_line' id='line_1_24' title="bbox 156 3005 1304 3121; baseline 0.008 -26"><span class='ocrx_word' id='word_1_179' title='bbox 156 3053 233 3117; x_wconf 92' lang='lat' dir='ltr'>quae</span> <span class='ocrx_word' id='word_1_180' title='bbox 266 3032 442 3116; x_wconf 88' lang='lat' dir='ltr'>aliquando,</span> <span class='ocrx_word' id='word_1_181' title='bbox 476 3034 643 3101; x_wconf 87' lang='lat' dir='ltr'>Christo</span> <span class='ocrx_word' id='word_1_182' title='bbox 672 3035 757 3121; x_wconf 85' lang='lat' dir='ltr'>Rege</span> <span class='ocrx_word' id='word_1_183' title='bbox 781 3005 970 3115; x_wconf 78' lang='lat' dir='ltr'>moderante,</span> <span class='ocrx_word' id='word_1_184' title='bbox 997 3039 1101 3101; x_wconf 89' lang='lat' dir='ltr'>futura</span> <span class='ocrx_word' id='word_1_185' title='bbox 1123 3044 1205 3101; x_wconf 89' lang='lat' dir='ltr'>esset</span> <span class='ocrx_word' id='word_1_186' title='bbox 1229 3062 1304 3104; x_wconf 91' lang='lat' dir='ltr'>am-</span> 
     </span>
     <span class='ocr_line' id='line_1_25' title="bbox 155 3133 1307 3236; baseline 0.007 -27"><span class='ocrx_word' id='word_1_187' title='bbox 155 3147 273 3231; x_wconf 87' lang='lat' dir='ltr'>plitudo</span> <span class='ocrx_word' id='word_1_188' title='bbox 295 3147 470 3232; x_wconf 88' lang='lat' dir='ltr'>honosque,</span> <span class='ocrx_word' id='word_1_189' title='bbox 494 3149 885 3234; x_wconf 75' lang='lat' dir='ltr'>luculenterpraedixisset</span> <span class='ocrx_word' id='word_1_190' title='bbox 908 3151 983 3235; x_wconf 89' lang='lat' dir='ltr'>ipse.</span> <span class='ocrx_word' id='word_1_191' title='bbox 1025 3133 1095 3215; x_wconf 83' lang='lat' dir='ltr'>Hoc</span> <span class='ocrx_word' id='word_1_192' title='bbox 1117 3153 1200 3217; x_wconf 90' lang='lat' dir='ltr'>enim</span> <span class='ocrx_word' id='word_1_193' title='bbox 1223 3177 1307 3236; x_wconf 78' lang='lat' dir='ltr'>prc-</span> 
     </span>
     <span class='ocr_line' id='line_1_26' title="bbox 156 3263 1307 3351; baseline 0.008 -28"><span class='ocrx_word' id='word_1_194' title='bbox 156 3285 229 3324; x_wconf 81' lang='lat' dir='ltr'>cum</span> <span class='ocrx_word' id='word_1_195' title='bbox 251 3264 371 3346; x_wconf 80' lang='lat' dir='ltr'>sinapis</span> <span class='ocrx_word' id='word_1_196' title='bbox 391 3263 467 3326; x_wconf 92' lang='lat' dir='ltr'>illud</span> <span class='ocrx_word' id='word_1_197' title='bbox 491 3286 571 3341; x_wconf 90' lang='lat' dir='ltr'>esse,</span> <span class='ocrx_word' id='word_1_198' title='bbox 592 3265 719 3327; x_wconf 94' lang='lat' dir='ltr'>Domini</span> <span class='ocrx_word' id='word_1_199' title='bbox 738 3265 985 3329; x_wconf 86' lang='lat' dir='ltr'>vaticinationum</span> <span class='ocrx_word' id='word_1_200' title='bbox 1003 3264 1124 3329; x_wconf 91' lang='lat' dir='ltr'>videbat</span> <span class='ocrx_word' id='word_1_201' title='bbox 1139 3266 1307 3351; x_wconf 79' lang='lat' dir='ltr'>interpres</span> 
     </span>
     <span class='ocr_line' id='line_1_27' title="bbox 157 3373 1304 3465; baseline 0.008 -28"><span class='ocrx_word' id='word_1_202' title='bbox 157 3373 290 3459; x_wconf 87' lang='lat' dir='ltr'>aliosque</span> <span class='ocrx_word' id='word_1_203' title='bbox 313 3397 351 3437; x_wconf 87' lang='lat' dir='ltr'>ex</span> <span class='ocrx_word' id='word_1_204' title='bbox 373 3374 500 3441; x_wconf 76' lang='lat' dir='ltr'>historit</span> <span class='ocrx_word' id='word_1_205' title='bbox 515 3378 684 3462; x_wconf 86' lang='lat' dir='ltr'>perspicere</span> <span class='ocrx_word' id='word_1_206' title='bbox 704 3378 840 3456; x_wconf 88' lang='lat' dir='ltr'>volebat,</span> <span class='ocrx_word' id='word_1_207' title='bbox 862 3379 959 3463; x_wconf 92' lang='lat' dir='ltr'>quod,</span> <span class='ocrx_word' id='word_1_208' title='bbox 978 3381 1114 3463; x_wconf 82' lang='lat' dir='ltr'>quamvis</span> <span class='ocrx_word' id='word_1_209' title='bbox 1133 3381 1304 3465; x_wconf 86' lang='lat' dir='ltr'>exiguum,</span> 
     </span>
     <span class='ocr_line' id='line_1_28' title="bbox 156 3489 1303 3580; baseline 0.007 -28"><span class='ocrx_word' id='word_1_210' title='bbox 156 3490 208 3553; x_wconf 83' lang='lat' dir='ltr'>ubi</span> <span class='ocrx_word' id='word_1_211' title='bbox 222 3489 353 3554; x_wconf 82' lang='lat' dir='ltr'>adolevit</span> <span class='ocrx_word' id='word_1_212' title='bbox 369 3490 483 3556; x_wconf 83' lang='lat' dir='ltr'>olerum</span> <span class='ocrx_word' id='word_1_213' title='bbox 499 3502 540 3557; x_wconf 81' lang='lat' dir='ltr'>eat</span> <span class='ocrx_word' id='word_1_214' title='bbox 556 3494 740 3570; x_wconf 71' lang='lat' dir='ltr'>monimum·</span> <span class='ocrx_word' id='word_1_215' title='bbox 755 3516 790 3557; x_wconf 92' lang='lat' dir='ltr'>ac</span> <span class='ocrx_word' id='word_1_216' title='bbox 798 3494 984 3579; x_wconf 81' lang='lat' dir='ltr'>fermentum</span> <span class='ocrx_word' id='word_1_217' title='bbox 1007 3494 1087 3559; x_wconf 91' lang='lat' dir='ltr'>idem</span> <span class='ocrx_word' id='word_1_218' title='bbox 1110 3516 1186 3575; x_wconf 82' lang='lat' dir='ltr'>esse,</span> <span class='ocrx_word' id='word_1_219' title='bbox 1213 3496 1303 3580; x_wconf 89' lang='lat' dir='ltr'>quod</span> 
     </span>
    </p>
   </div>
   <div class='ocr_carea' id='block_1_5' title="bbox 155 3601 1225 3699">
    <p class='ocr_par' dir='ltr' id='par_1_6' title="bbox 155 3601 1225 3699">
     <span class='ocr_line' id='line_1_29' title="bbox 155 3601 1225 3699; baseline 0.007 -33"><span class='ocrx_word' id='word_1_220' title='bbox 155 3602 187 3666; x_wconf 93' lang='lat' dir='ltr'>in</span> <span class='ocrx_word' id='word_1_221' title='bbox 211 3604 322 3668; x_wconf 87' lang='lat' dir='ltr'>farinae</span> <span class='ocrx_word' id='word_1_222' title='bbox 345 3607 442 3668; x_wconf 79' lang='lat' dir='ltr'>masst</span> <span class='ocrx_word' id='word_1_223' title='bbox 465 3605 538 3669; x_wconf 92' lang='lat' dir='ltr'>latet</span> <span class='ocrx_word' id='word_1_224' title='bbox 561 3605 717 3686; x_wconf 88' lang='lat' dir='ltr'>abditum,</span> <span class='ocrx_word' id='word_1_225' title='bbox 743 3610 834 3674; x_wconf 84' lang='lat' dir='ltr'>donec</span> <span class='ocrx_word' id='word_1_226' title='bbox 857 3619 919 3672; x_wconf 86' lang='lat' dir='ltr'>tota</span> <span class='ocrx_word' id='word_1_227' title='bbox 934 3601 1136 3699; x_wconf 68' lang='lat' dir='ltr'>fermentetur</span> <span class='ocrx_word' id='word_1_228' title='bbox 1162 3609 1225 3696; x_wconf 91' lang='lat'><strong>(1).</strong></span> 
     </span>
    </p>
   </div>
   <div class='ocr_carea' id='block_1_6' title="bbox 153 3936 1301 4140">
    <p class='ocr_par' dir='ltr' id='par_1_7' title="bbox 153 3936 1301 4140">
     <span class='ocr_line' id='line_1_30' title="bbox 199 3936 1301 4020; baseline 0.005 -16"><span class='ocrx_word' id='word_1_229' title='bbox 199 3936 277 4004; x_wconf 84' lang='lat' dir='ltr'>Cum</span> <span class='ocrx_word' id='word_1_230' title='bbox 300 3941 332 4004; x_wconf 90' lang='lat' dir='ltr'>in</span> <span class='ocrx_word' id='word_1_231' title='bbox 356 3941 420 4006; x_wconf 80' lang='lat' dir='ltr'>vita</span> <span class='ocrx_word' id='word_1_232' title='bbox 442 3943 594 4006; x_wconf 91' lang='lat' dir='ltr'>communi</span> <span class='ocrx_word' id='word_1_233' title='bbox 619 3949 786 4020; x_wconf 88' lang='lat' dir='ltr'>versantes,</span> <span class='ocrx_word' id='word_1_234' title='bbox 810 3949 876 4008; x_wconf 92' lang='lat' dir='ltr'>tum</span> <span class='ocrx_word' id='word_1_235' title='bbox 900 3942 1044 4008; x_wconf 90' lang='lat' dir='ltr'>historiae</span> <span class='ocrx_word' id='word_1_236' title='bbox 1068 3947 1160 4007; x_wconf 90' lang='lat' dir='ltr'>testes</span> <span class='ocrx_word' id='word_1_237' title='bbox 1184 3965 1301 4010; x_wconf 87' lang='lat' dir='ltr'>consu·</span> 
     </span>
     <span class='ocr_line' id='line_1_31' title="bbox 153 4053 1300 4140; baseline 0.005 -24"><span class='ocrx_word' id='word_1_238' title='bbox 153 4054 273 4131; x_wconf 89' lang='lat' dir='ltr'>lentes,</span> <span class='ocrx_word' id='word_1_239' title='bbox 306 4053 379 4117; x_wconf 89' lang='lat' dir='ltr'>alios</span> <span class='ocrx_word' id='word_1_240' title='bbox 412 4056 608 4134; x_wconf 86' lang='lat' dir='ltr'>offendimus,</span> <span class='ocrx_word' id='word_1_241' title='bbox 640 4059 711 4140; x_wconf 90' lang='lat' dir='ltr'>qui,</span> <span class='ocrx_word' id='word_1_242' title='bbox 737 4059 822 4121; x_wconf 91' lang='lat' dir='ltr'>etin</span> <span class='ocrx_word' id='word_1_243' title='bbox 845 4057 1003 4121; x_wconf 91' lang='lat' dir='ltr'>hominum</span> <span class='ocrx_word' id='word_1_244' title='bbox 1036 4058 1164 4137; x_wconf 89' lang='lat' dir='ltr'>animis,</span> <span class='ocrx_word' id='word_1_245' title='bbox 1191 4058 1300 4122; x_wconf 83' lang='lat' dir='ltr'>indole</span> 
     </span>
    </p>
   </div>
   <div class='ocr_carea' id='block_1_7' title="bbox 153 4170 1299 4256">
    <p class='ocr_par' dir='ltr' id='par_1_8' title="bbox 153 4170 1299 4256">
     <span class='ocr_line' id='line_1_32' title="bbox 153 4170 1299 4256; baseline 0.004 -24"><span class='ocrx_word' id='word_1_246' title='bbox 153 4170 315 4253; x_wconf 85' lang='lat' dir='ltr'>factisque,</span> <span class='ocrx_word' id='word_1_247' title='bbox 349 4170 434 4233; x_wconf 92' lang='lat' dir='ltr'>etin</span> <span class='ocrx_word' id='word_1_248' title='bbox 465 4192 566 4235; x_wconf 90' lang='lat' dir='ltr'>rerum</span> <span class='ocrx_word' id='word_1_249' title='bbox 596 4172 643 4236; x_wconf 87' lang='lat' dir='ltr'>vel</span> <span class='ocrx_word' id='word_1_250' title='bbox 676 4173 811 4237; x_wconf 90' lang='lat' dir='ltr'>civilium</span> <span class='ocrx_word' id='word_1_251' title='bbox 838 4172 886 4237; x_wconf 89' lang='lat' dir='ltr'>vel</span> <span class='ocrx_word' id='word_1_252' title='bbox 909 4194 1060 4237; x_wconf 89' lang='lat' dir='ltr'>sacrarum</span> <span class='ocrx_word' id='word_1_253' title='bbox 1085 4192 1178 4235; x_wconf 90' lang='lat' dir='ltr'>cursu</span> <span class='ocrx_word' id='word_1_254' title='bbox 1201 4177 1299 4256; x_wconf 77' lang='lat' dir='ltr'>atque</span> 
     </span>
    </p>
   </div>
   <div class='ocr_carea' id='block_1_8' title="bbox 161 4328 310 4336">
    <p class='ocr_par' dir='ltr' id='par_1_9' title="bbox 161 4328 310 4336">
     <span class='ocr_line' id='line_1_33' title="bbox 161 4328 310 4336; baseline 0 0"><span class='ocrx_word' id='word_1_255' title='bbox 161 4328 310 4336; x_wconf 57' lang='lat' dir='ltr'>m</span> 
     </span>
    </p>
   </div>
   <div class='ocr_carea' id='block_1_9' title="bbox 186 4421 635 4484">
    <p class='ocr_par' dir='ltr' id='par_1_10' title="bbox 186 4421 635 4484">
     <span class='ocr_line' id='line_1_34' title="bbox 186 4421 635 4484; baseline 0.009 -15"><span class='ocrx_word' id='word_1_256' title='bbox 186 4421 223 4484; x_wconf 83' lang='grc' dir='ltr'>(ι)</span> <span class='ocrx_word' id='word_1_257' title='bbox 242 4422 302 4471; x_wconf 81' lang='lat' dir='ltr'>vn.</span> <span class='ocrx_word' id='word_1_258' title='bbox 323 4421 412 4472; x_wconf 72' lang='lat' dir='ltr'>Mareu.</span> <span class='ocrx_word' id='word_1_259' title='bbox 436 4424 511 4472; x_wconf 83' lang='lat' dir='ltr'>xur.</span> <span class='ocrx_word' id='word_1_260' title='bbox 530 4431 576 4484; x_wconf 81' lang='lat' dir='ltr'>ar,</span> <span class='ocrx_word' id='word_1_261' title='bbox 596 4431 635 4473; x_wconf 81' lang='lat' dir='ltr'>aa.</span> 
     </span>
    </p>
   </div>
   <div class='ocr_carea' id='block_1_10' title="bbox 0 0 1396 4958">
    <p class='ocr_par' dir='ltr' id='par_1_11' title="bbox 0 0 1396 4958">
     <span class='ocr_line' id='line_1_35' title="bbox 0 0 1396 4958; baseline 0 1"><span class='ocrx_word' id='word_1_262' title='bbox 0 0 1396 4958; x_wconf 95' lang='lat' dir='ltr'> </span> 
     </span>
    </p>
   </div>
  </div>
 </body>
</html>
