2782 4958
129 115 192 178 1⁷8
615 127 773 171 cressonis

127 301 180 364 »in
202 320 235 363 rc
255 299 406 363 consensio
427 297 563 361 ananiam
588 298 723 381 pontium
746 295 795 360 len
817 305 944 359 sanarat
959 297 1105 380 potanda
1131 306 1176 361 cat
1189 294 1302 382 (1)ss

125 416 269 487 Quaene
291 414 360 496 quis
384 411 550 496 Epicuri
573 411 763 494 potissimum
786 432 823 473 ex
847 409 1007 495 disciplina
1031 409 1141 475 hausta
1164 416 1273 496 putee,

125 529 210 612 plane
234 527 343 591 similia
365 531 397 589 et
419 524 493 588 alios
516 531 547 587 et
569 523 780 600 Socratem,
807 545 894 608 quem
919 527 949 588 in
973 527 1079 609 paucis
1099 527 1205 611 magui
1226 528 1265 593 la·

124 642 223 707 ciebat
252 640 431 714 Tullius,
465 639 602 713 docuisse
632 638 806 722 perpendat.
830 676 875 687 -
899 640 966 705 Nec
990 662 1061 707 vero
1091 641 1256 724 qualemet

124 778 282 842 corporum
306 756 454 819 tenuitate
477 760 588 836 quanto
616 755 801 837 superiorem
826 754 883 817 sibi
908 756 1007 821 Deum
1030 757 1251 830 informaverit,

125 870 263 935 dubitare
283 893 339 933 nos
355 870 446 943 sinit,
470 867 534 945 ubi,
560 867 746 935 memorabili
764 870 913 952 imprimis
933 871 1068 953 ejusdem
1089 870 1163 935 libri
1185 870 1250 934 loro:

126 983 235 1049 »Deua
258 987 352 1068 apac‚''
373 984 481 1061 donat,
509 985 581 1068 ·qat
602 983 781 1066 intellipa'tar
805 1006 825 1047 o
849 985 952 1062 nabat,
979 986 1041 1051 alio
1065 987 1160 1051 modo
1182 986 1256 1051 intel

129 1103 207 1186 slipi
235 1124 295 1165 nora
323 1110 439 1184 potest.
476 1100 536 1163 nisi
567 1121 651 1163 anana
671 1097 771 1164 solnta
795 1100 945 1183 quosdam
970 1110 997 1163 et
1019 1099 1138 1175 libero,
1165 1121 1255 1186 sepro-

128 1226 220 1299 »ματα
244 1215 282 1279 od
312 1216 396 1277 omni
420 1213 603 1276 concretione
632 1212 756 1275 mortali
779 1211 846 1297 (2),
872 1215 976 1277 omnio
998 1217 1127 1277 sentiens
1152 1226 1181 1278 at
1202 1235 1258 1278 nro

128 1352 228 1407 socna,
254 1331 381 1415 ipsoque
402 1328 547 1411 praedito
570 1337 652 1391 mota
673 1328 855 1410 sempiterno
878 1327 964 1411 (3).”
1003 1328 1152 1402 Tandem,
1174 1348 1259 1413 quam

128 1445 262 1530 benignt
285 1465 319 1508 ac
341 1465 429 1527 quam
461 1442 586 1526 provida
616 1444 689 1507 cura
711 1463 766 1505 uos
789 1447 820 1505 et
842 1448 998 1507 nascentes
1025 1450 1055 1508 ct
1078 1445 1214 1513 avenas
1232 1451 1261 1509 a

129 1559 199 1623 hiuo
222 1562 387 1644 migrantes
411 1559 489 1622 idem
521 1561 720 1642 prosequatur
743 1557 834 1640 Pater
856 1578 1034 1640 supremus,
1060 1557 1261 1642 pulcherrimo

127 1674 185 1739 hoo
209 1674 333 1759 exponit
356 1674 465 1737 effato:
494 1671 591 1735 oNon
611 1682 719 1735 temera
746 1694 797 1737 nco
812 1671 977 1756 fortuitn'*
1002 1674 1105 1757 inquit
1130 1676 1211 1739 »suti
1236 1686 1261 1739 tt

130 1792 244 1854 »aean
274 1812 385 1853 samaa.
435 1787 498 1852 sea
527 1786 665 1872 profacto
688 1787 753 1872 fnit
776 1788 927 1871 quaedam
959 1785 1028 1865 Vis,
1060 1808 1138 1871 praa
1160 1789 1263 1874 pinara·

130 1904 313 1969 »macularat
344 1904 491 1979 drimano,
522 1925 575 1966 racc
605 1903 641 1964 id
667 1903 800 1986 pipncrct
830 1911 883 1964 ont
909 1901 1021 1980 oleret,
1048 1905 1145 1986 qnod,
1172 1924 1262 1988 wara

130 2019 367 2085 sccanolooa‘saat
400 2041 502 2084 omncs
533 2019 667 2095 labores,
693 2028 756 2081 turn
783 2020 927 2083 incideret
956 2022 989 2082 in
1016 2022 1122 2083 morde
1149 2018 1262 2084 malurn

130 2137 374 2219 »sempiternam
405 2132 536 2198 Portam
554 2135 657 2218 potius
677 2146 826 2218 paratam
850 2133 938 2197 nobie
961 2145 990 2197 ct
1003 2133 1187 2219 parfiapa'am
1202 2156 1261 2220 pn·

135 2263 246 2314 »tentus
275 2249 356 2333 (4).”
382 2286 423 2295 -
446 2249 497 2313 Sia
528 2250 625 2334 igitur
655 2248 785 2325 infide,
817 2247 876 2311 Dei
899 2246 1080 2333 benignitati
1103 2247 1210 2313 habits
1229 2270 1262 2313 so

130 2371 311 2452 sapientiae,
345 2365 534 2433 dulcissimae
564 2362 798 2429 immortalitatis
833 2364 894 2448 spei
928 2367 1016 2446 alque
1047 2363 1261 2448 exspectationi

129 2485 310 2569 praesidium
334 2485 452 2567 quaerit
474 2487 505 2544 et
527 2481 755 2545 nutrimentum.

174 2713 274 2775 Nemo
298 2713 449 2796 profecto,
472 2712 524 2795 qui
548 2710 620 2773 haec
644 2708 759 2793 aliaque
789 2706 883 2772 multa
905 2706 1008 2790 pulcre
1032 2728 1066 2769 ac
1089 2708 1140 2791 pie
1163 2731 1181 2770 a
1203 2706 1261 2773 ci·

132 2883 271 2892 -——-.--

165 3001 202 3061 (1)
221 3000 241 3048 Ι.
264 3006 300 3048 13.
320 3007 360 3048 30.
396 2999 453 3060 Quo
471 3008 553 3048 tamen
573 3014 605 3048 er
624 3000 689 3059 loco,
710 3000 838 3049 brevitatis
856 3014 953 3056 caussa,
967 2999 1118 3048 intermedia
1136 2998 1260 3049 nonnulla

131 3093 214 3141 omisi.

164 3184 198 3250 (2)
216 3184 245 3234 tn
263 3194 315 3243 est,
341 3195 406 3234 recte
430 3187 549 3244 docente,
575 3186 601 3234 in
620 3183 690 3235 Olane
711 3183 799 3244 Cicer„
827 3183 993 3242 Ernestio,
1019 3184 1100 3235 libers
1117 3202 1133 3236 a
1151 3160 1260 3249 paruam

129 3280 247 3331 mistione
265 3288 291 3328 et
305 3278 493 3341 oonjunctiona.
529 3277 644 3327 Mortalis
661 3285 745 3327 autem
763 3279 856 3327 dicitnr
873 3279 936 3327 haec
951 3277 1072 3337 maest,
1086 3278 1127 3328 rel
1141 3279 1261 3342 quonum

126 3386 187 3421 eum
206 3372 329 3421 moriendi
347 3371 495 3421 necessitate
505 3371 650 3435 conjuncta,
664 3373 705 3421 vel
718 3373 836 3435 quoniam
849 3371 999 3421 mortalibus
1011 3372 1083 3421 nobis
1094 3373 1201 3436 propria
1213 3378 1260 3423 cst.

165 3466 202 3526 (3)
223 3463 306 3515 Tusco.
325 3464 432 3529 Diapatt.
451 3465 472 3513 1.
492 3468 533 3515 st.
554 3471 595 3515 66.
631 3463 713 3524 Quem
730 3467 815 3516 locum
830 3465 1010 3529 pulcherrimum
1031 3481 1060 3513 oe
1083 3463 1157 3529 plone
1175 3462 1262 3517 Pun-

129 3559 204 3607 nicnm
221 3574 280 3609 vere
297 3560 357 3608 dicit
373 3560 400 3608 in
419 3566 505 3608 annot.
522 3559 702 3609 Kirhnerus.
738 3560 765 3609 A
787 3574 837 3623 quo
860 3561 895 3608 sie
919 3559 997 3609 editas
1022 3573 1077 3609 essa
1103 3557 1261 3620 (aenianica

129 3647 216 3707 Jcnoa
238 3654 312 3711 1846)
333 3648 415 3700 Tusce.
434 3652 479 3701 has
497 3651 588 3716 Dispp.
609 3666 632 3701 s,
658 3649 809 3709 Qacastiooaa
831 3651 944 3709 affirmo,
967 3659 995 3700 nt
1012 3650 1110 3703 nullam
1128 3650 1261 3701 meliorem

130 3743 245 3793 noverim
272 3758 353 3807 neque
371 3744 497 3795 utiliorem
514 3746 607 3795 vetaris
629 3743 777 3808 cujusquam
800 3743 921 3793 Auctoris
944 3744 1089 3795 aditionem.
1108 3770 1140 3781 -
1159 3743 1188 3794 Si
1204 3742 1262 3807 quis

129 3835 194 3885 forte
212 3835 366 3898 Theologine
391 3837 473 3886 cultor
498 3851 549 3887 uon
574 3837 658 3889 omnia
682 3838 766 3900 legere
790 3837 868 3901 possit
887 3835 1113 3897 Ciceroniana,
1134 3837 1176 3887 his
1191 3842 1262 3887 certa

128 3943 162 3978 ex
179 3928 285 3992 Dispntt.
304 3928 429 3978 Veterum
445 3927 623 3995 Philosophiae
642 3945 700 3979 cum
717 3931 897 3995 praestantiam
923 3935 978 3979 tum
996 3930 1108 3980 defectus
1125 3932 1261 3992 cognoseat

129 4020 212 4069 velim.
232 4045 263 4055 —
283 4018 366 4080 Quam
384 4021 464 4069 multa
482 4019 523 4069 hic
541 4021 670 4085 praeclara
688 4022 754 4070 dicta
773 4028 881 4082 exstant,
906 4022 937 4070 ad
960 4021 1073 4071 animum
1093 4021 1199 4073 salutari
1216 4034 1261 4085 pu·

126 4112 188 4163 -bnlo
206 4113 370 4163 nutriendum
388 4113 589 4162 accommodata!

163 4205 199 4266 (4)
221 4202 305 4253 Tnsce.
325 4204 416 4267 Diapp.
435 4203 458 4251 Ι.
479 4209 521 4252 49.
