2782 4958
197 345 263 407 110
639 363 784 406 111111.
810 363 877 408 111.

196 532 302 596 Verum
330 531 430 616 ipsum
452 531 554 616 potius
576 534 745 616 spectemus
774 534 893 594 nostrae
918 528 1093 616 disciplinae
1119 532 1321 611 professorem,

195 645 309 710 nullam
332 644 460 731 amplius
481 645 565 711 illius
586 649 700 731 partem
723 645 783 708 nisi
806 642 967 709 vernaculo
987 646 1154 711 tradentem
1180 670 1323 713 sermone.

195 760 240 824 Ad
263 760 328 845 ejus
351 759 472 825 Scbolas
493 781 554 823 non
578 760 665 845 pauci
687 757 872 823 advolabunt
893 760 994 824 miuus
1017 759 1144 825 honesto
1168 760 1238 825 loco
1266 763 1324 826 nati

193 872 393 939 adolescentes
415 895 449 938 ac
471 874 572 938 miuus
594 872 757 938 liberaliter
780 873 913 950 educati,
944 872 1055 958 quibus
1086 875 1205 939 aditum
1235 873 1327 939 adhuc

194 979 396 1052 academicum
419 987 631 1073 praecluserat,
664 988 700 1051 de
723 1008 784 1071 quc
811 987 954 1065 dicimus,
983 987 1174 1053 institutum.
1224 990 1325 1073 Cujus-

194 1103 276 1167 modi
301 1103 363 1187 jam
389 1101 427 1166 ad
447 1123 502 1166 nos
532 1123 705 1167 accursuros
727 1123 789 1166 esse
812 1102 985 1178 studiosos,
1015 1103 1189 1167 111111111
1212 1108 1325 1167 111111-

195 1217 403 1302 spectandum,
440 1238 500 1300 quo
528 1215 630 1302 plures
660 1216 751 1281 hodie
773 1222 856 1293 sunt,
890 1216 1031 1301 quesita
1053 1217 1202 1299 mysticus
1223 1214 1327 1300 aliquis

196 1332 291 1417 agitat
319 1351 424 1395 seusus
454 1326 485 1395 11
514 1336 693 1412 commovet,
721 1330 812 1395 utin
834 1351 952 1395 sacrum
974 1330 1152 1418 adscendere
1175 1328 1326 1415 pulpitum

194 1465 265 1507 suae
298 1442 415 1506 scilicet
448 1442 553 1528 pietati
584 1442 812 1507 convenientius
848 1441 970 1524 ducant,
1008 1464 1097 1527 quam
1126 1443 1160 1506 in
1195 1442 1327 1508 obscuris

195 1557 317 1621 haerere
339 1557 484 1642 opificum
506 1556 647 1622 officinis.
696 1560 807 1622 Horum
829 1558 926 1643 igitur
955 1559 1142 1644 ignorantiae
1176 1564 1213 1623 ut
1235 1579 1326 1641 quau·

195 1677 332 1755 tumpote
355 1670 596 1735 accommodetur
618 1671 788 1751 institutio,
814 1671 981 1737 cavendum
1004 1673 1062 1758 ipsi
1084 1672 1143 1736 erit
1166 1694 1206 1736 ne
1234 1669 1324 1737 subti-

196 1782 293 1848 litatis
314 1785 476 1868 qnicquam
499 1806 533 1848 ea
556 1782 663 1849 habeat
685 1805 742 1848 nec
768 1785 973 1871 profundioris
996 1786 1231 1870 disquisitionis.

241 1897 299 1962 Sed
322 1895 397 1962 alios
419 1896 541 1963 habebit
563 1896 744 1984 Theologus,
762 1898 965 1965 doctrinarum
981 1901 1078 1966 initiis
1101 1901 1212 1966 melius
1226 1901 1324 1966 excul-

195 2029 260 2086 tos,
287 2010 460 2097 discipulos.
509 2011 602 2077 Credo
624 2034 694 2077 1111
716 2017 748 2077 11
780 2034 877 2099 spero,
909 2014 962 2078 sed
995 2012 1052 2079 alit
1082 2015 1188 2099 potins
1222 2016 1324 2100 quavis

195 2127 370 2211 cognitione
380 2124 525 2208 imbutos,
539 2146 629 2209 quam
640 2127 810 2191 Latinarum
825 2148 985 2211 earumque
997 2149 1066 2192 cum
1079 2129 1183 2193 studio
1193 2128 1324 2214 proxime

194 2242 368 2327 junctarum
393 2240 529 2305 Graeciae
549 2242 737 2306 Litterarum.
785 2244 858 2307 Nam
880 2243 1101 2307 efficacissimus
1122 2243 1250 2308 tolletur
1275 2242 1324 2307 sti·

196 2355 297 2421 mulus
331 2362 420 2440 atque
449 2355 646 2437 obtundetur,
679 2378 740 2441 quc
770 2355 868 2420 adhuc
889 2356 926 2420 ad
948 2378 996 2420 eas
1018 2357 1209 2442 potissimum
1231 2358 1323 2442 perci·

196 2472 319 2557 piendas
352 2469 594 2556 impellebantur.
639 2468 721 2535 Nihil
754 2471 850 2556 igitur
883 2470 922 2534 iis
943 2469 1085 2553 obstabit,
1120 2490 1183 2553 qno
1213 2470 1321 2545 minus,

196 2585 305 2651 Seculo
327 2606 440 2649 morem
462 2590 600 2671 gerentes
623 2606 656 2649 ac
678 2585 851 2662 servientes,
884 2585 1047 2669 antiquatis
1077 2583 1139 2649 illis
1163 2591 1253 2668 atque
1275 2583 1322 2648 ob·

195 2697 309 2776 soletis,
334 2704 370 2763 ut
391 2696 481 2762 multi
503 2686 751 2782 interpretantur,
776 2698 873 2764 valere
893 2699 986 2783 jussis
1009 2700 1141 2776 Litteris,
1171 2700 1205 2763 11
1228 2697 1322 2782 quali·

195 2834 317 2896 cunque
339 2813 537 2897 comparandt
567 2811 777 2877 blathematum
795 2818 827 2877 et
848 2813 939 2878 unius
969 2819 1023 2878 aut
1054 2813 1178 2878 alterius
1200 2814 1227 2877 11
1250 2815 1323 2877 torte

195 2926 355 2991 hodiernae
376 2925 498 3011 linguae
521 2926 696 3012 cognitione
718 2927 816 2992 securi
840 2928 1040 3010 acquiescant.
1066 2926 1216 2992 Carebunt
1230 2928 1321 3012 igitur

192 3041 425 3106 fructuosissimt
444 3043 545 3120 1111111
566 3062 681 3106 aearum
702 3040 859 3106 excolendi
875 3042 1101 3127 opportunitate
1123 3062 1158 3105 ac
1176 3040 1319 3106 subsidio.

193 3158 269 3221 lluic
291 3158 372 3221 enim
393 3156 564 3239 1111111111,
588 3178 679 3240 quem
701 3155 795 3242 vulgo
818 3163 938 3234 vocant,
970 3155 1078 3222 alendo
1108 3161 1201 3241 atque
1231 3153 1321 3240 expli·

194 3273 289 3338 cando
310 3274 410 3337 11111111
432 3271 510 3336 nihil
532 3272 627 3356 magis
648 3272 798 3356 prodesse,
831 3293 922 3356 quam
944 3271 1117 3336 meditatam
1142 3271 1322 3356 optimorum

194 3408 393 3472 quorumque,
408 3408 485 3471 quae
509 3386 595 3451 nobis
611 3387 713 3451 Graeci
729 3389 913 3472 Romanique
929 3388 1125 3472 reliquerunt,
1143 3388 1322 3472 scriptorum

194 3499 367 3581 lectionem,
392 3500 527 3564 omnium
550 3501 702 3564 unanimis
723 3506 839 3566 constat
872 3501 1110 3587 intelligentium
1142 3501 1268 3564 monitis
1290 3516 1321 3562 ac

192 3615 385 3678 testimoniis.
421 3615 522 3697 Neque
545 3613 640 3698 igitur
661 3613 764 3676 mirari
785 3613 970 3701 'theologum
991 3614 1141 3700 oportebit
1164 3637 1221 3678 nec
1238 3635 1322 3699 aegre

193 3728 282 3811 terre,
307 3726 360 3792 ubi
383 3733 532 3792 commoto
555 3733 674 3812 pectore
697 3729 780 3793 Sacri
804 3729 922 3794 Codicis
953 3727 1190 3814 pulcritudinem
1217 3749 1253 3792 ac
1278 3750 1322 3791 su·

193 3839 371 3906 blimitatem
404 3841 591 3907 auditoribus
626 3842 811 3907 sentiendam
845 3865 879 3907 ac
909 3843 1132 3928 percipiendam
1167 3843 1321 3928 impertire

192 3961 329 4032 conatur,
362 3957 388 4019 si
418 3956 455 4020 ad
484 3957 749 4041 praestantissimos
779 3978 928 4041 quosque,
965 3979 1040 4040 quos
1073 3963 1205 4032 enarrat,
1241 3955 1322 4020 illius

192 4068 275 4133 locos
297 4075 449 4155 torpentes
472 4091 522 4134 111
537 4070 647 4134 1111111
670 4091 703 4134 11
725 4071 878 4157 frigentes.
902 4109 939 4119 —
957 4072 1076 4145 Verum,
1103 4069 1185 4152 qnod
1201 4070 1322 4154 gravius

192 4184 281 4249 etiam
304 4189 433 4262 nostrae,
459 4185 496 4249 de
519 4187 580 4268 qut.
602 4185 730 4270 agimuS,
756 4183 970 4246 detrimentum
993 4183 1096 4246 afferet
1119 4182 1318 4257 institutioni,

192 4305 327 4363 veterum
342 4298 451 4383 scripta
466 4296 647 4383 populorum
662 4297 821 4374 tractandi,
834 4296 867 4369 id
884 4303 928 4361 est
942 4302 974 4361 et
987 4296 1092 4360 critice
1104 4317 1138 4359 ea
1149 4296 1321 4361 excutiendi

192 4416 223 4476 et
245 4416 437 4499 grammatice
453 4412 670 4496 interpretandi
693 4417 723 4477 et
737 4413 874 4498 gentium
890 4435 926 4477 er
942 4411 1075 4478 moribus
1091 4417 1122 4478 ct
1137 4414 1321 4497 Antiquitatc
