2782 4958
136 340 201 405 102
619 362 789 406 saumones

140 530 213 594 rbus
247 528 328 594 olias
362 529 449 593 atiud
479 528 722 614 apprehenderat
754 527 834 613 (1).”
890 528 960 593 Nee
994 528 1096 593 miuus
1131 534 1282 594 accurate

134 647 269 707 nostram
307 641 341 705 in
381 663 444 706 rem
479 643 619 706 convenit
651 642 733 728 quod
763 640 835 706 alibi
869 641 975 707 eodem
1008 642 1046 706 de
1082 641 1281 728 Philosopho

135 754 317 821 Atheniensi
339 759 501 821 testantem
524 755 652 820 eundem
675 754 814 820 audimus
836 756 1077 821 Ciceronem.
1112 783 1127 813 ι
1140 756 1274 844 Cujus,'’

135 870 195 951 ait,
222 871 399 957 »multiplea
426 871 509 935 ratio
536 870 719 956 disputandi
745 891 905 954 rerumque
934 870 1067 936 varietas
1095 879 1125 936 et
1153 873 1273 956 inperii

134 985 337 1071 »mephitado
362 1021 404 1032 -
426 985 522 1071 plara
542 1006 656 1071 perrara
678 984 776 1070 affecit
798 984 1037 1050 dissentientium
1063 983 1267 1072 Philorcpho·

135 1122 228 1165 »ram
245 1098 329 1185 (2).’'
763 1101 769 1111 '

177 1433 295 1499 Verum
316 1434 409 1499 misso
429 1433 592 1498 Socrate
614 1429 917 1498 Baralinsnsem
940 1431 1097 1498 redeamus
1117 1432 1157 1498 ad
1185 1433 1265 1498 Doc-

131 1551 241 1612 torem.
289 1544 387 1629 Cujus
407 1545 505 1632 igitur
527 1545 767 1630 disputationum
790 1566 825 1609 ea
847 1548 976 1611 sanetas
1005 1551 1071 1611 erat
1094 1566 1130 1611 ac
1152 1547 1267 1613 discre-

131 1660 246 1745 pantia,
270 1659 449 1745 quaequod
473 1659 612 1744 amplecti
634 1666 757 1745 possent
779 1665 810 1726 et
833 1661 870 1725 ad
893 1683 947 1726 sua
976 1661 1123 1746 cujusque
1146 1661 1268 1727 decreta

133 1775 338 1841 confirmanda
361 1775 515 1851 conferre,
551 1774 680 1841 Tiristis
705 1776 827 1841 offerret
853 1780 886 1840 et
916 1775 1138 1860 Pantheistir,
1159 1775 1269 1845 Ortho-

132 1890 222 1957 doeh
244 1894 275 1953 et
296 1887 513 1971 Heterodoaia,
538 1887 730 1973 Dopmaticr's
752 1895 784 1954 et
805 1888 957 1977 Scepticie.
1005 1890 1056 1956 Ne
1075 1890 1113 1956 de
1130 1890 1270 1978 Myrtieia

132 2003 241 2069 dicam.
286 2003 406 2071 Horum
437 2003 519 2070 enim
548 2003 658 2068 animis
680 2025 712 2068 se
735 2025 796 2070 non
826 2004 1033 2071 commendare
1063 2026 1125 2069 nou
1147 2012 1270 2090 poterat

130 2119 207 2203 Vir,
230 2112 511 2206 quem'aeorarav
538 2139 573 2183 ac
596 2120 852 2206 dvrrpprirraror
869 2120 940 2204 jure
962 2121 1081 2186 vocavit
1103 2120 1144 2185 cl.
1171 2120 1269 2188 Luc-

130 2234 222 2299 hius
244 2235 312 2322 (3),
344 2234 485 2318 idemque
514 2234 664 2298 Fratrum
692 2233 919 2299 Maronitarum
942 2233 1014 2299 olim
1037 2233 1178 2300 alumnus
1200 2234 1216 2319 (
1238 2233 1265 2323 ),

129 2347 314 2433 ubicunque,
340 2346 498 2432 religionis
519 2348 553 2411 in
576 2348 694 2423 causet,
718 2346 827 2411 intimo
851 2348 969 2412 cuidam
991 2350 1092 2414 terrai
1119 2369 1193 2434 prae
1215 2373 1267 2414 ru·

130 2462 220 2527 tionis
241 2460 358 2527 lumine
381 2463 584 2548 principatum
606 2458 769 2527 tribuebat.
816 2460 903 2533 Quae
927 2463 1028 2527 omnia
1054 2463 1080 2527 si
1102 2464 1266 2548 perpendi·

130 2597 218 2659 mus,
249 2577 415 2661 permultos
443 2577 537 2640 luisse
567 2580 657 2660 atque
688 2597 753 2640 esse
781 2574 952 2662 Theologos
982 2597 1043 2640 non
1070 2575 1264 2654 mirabimur,

130 2692 196 2777 qui,
229 2691 366 2774 quamvis
395 2688 454 2754 sibi
483 2690 614 2754 invicem
636 2689 760 2766 infesti,
792 2691 826 2754 iu
857 2711 917 2754 uno
940 2696 1042 2755 tamen
1063 2692 1267 2774 praedicando

130 2804 218 2889 plane
253 2805 443 2871 consentiant
474 2803 861 2883 Schleiermachero,
899 2826 934 2870 ao
962 2802 1024 2871 tani
1059 2803 1165 2888 amplis
1200 2805 1266 2890 ejus

129 2918 236 2985 merita
259 2917 402 2985 laudibus
423 2919 560 2995 efferant,
584 2921 621 2983 ut
643 2917 695 2981 vix
717 2936 897 3002 quemquam
912 2917 985 2983 huic
1007 2918 1265 3004 aequiparandum

128 3040 271 3100 censeant
292 3053 394 3100 rerum
417 3033 589 3099 divinarum
613 3032 787 3097 Ductorem.

173 3145 255 3212 Mihi
277 3148 367 3213 etiam
390 3147 465 3232 ipsi,
496 3146 533 3211 de
566 3167 614 3213 me
644 3148 672 3213 ai
702 3145 837 3230 profiteri
860 3145 950 3224 licet,
982 3145 1020 3211 de
1052 3144 1106 3211 illo
1134 3143 1266 3211 subinde

164 3501 205 3564 (Ι)
223 3500 285 3553 via
302 3498 356 3555 cie.
373 3498 403 3551 de
418 3497 488 3551 orae
503 3497 537 3549 L.
554 3497 606 3558 111,
626 3493 691 3564 Cap.
712 3503 752 3570 tt.

162 3594 200 3661 (2)
218 3594 281 3647 vid.
301 3594 373 3645 Idem
397 3589 469 3643 Tuae.
494 3590 600 3651 Qrocstt.
623 3590 654 3639 L.
670 3588 707 3649 V,
728 3586 790 3657 Cap.
813 3593 838 3638 4.
873 3587 916 3638 Ad
940 3605 967 3655 q.
991 3591 1010 3640 l.
1034 3589 1263 3655 Philosophorum,

128 3688 241 3743 Socratis
266 3702 300 3740 ex
325 3686 419 3739 Scholt
442 3686 628 3753 protectorum,
654 3689 735 3737 sectas
760 3691 891 3735 enumerat
916 3683 1064 3734 Moserus
1088 3684 1156 3748 apud
1178 3683 1267 3735 Kah-

129 3797 248 3834 nerum.

162 3876 201 3937 (3)
219 3872 281 3925 Vid.
304 3873 490 3938 pulcherrimus
508 3871 625 3931 libellus,
651 3870 695 3934 qui
712 3869 872 3920 insorilu'tur:
892 3867 937 3917 W.
961 3869 1000 3919 M.
1023 3867 1057 3918 Ie·
1079 3868 1115 3919 de
1139 3867 1266 3930 Wette,

127 3967 184 4020 Zur
193 3966 384 4031 fteuadrehuffl.
402 3959 560 4030 Erirrrrerrrrep
575 3980 619 4015 vars
635 3963 681 4014 Dr,
698 3963 825 4015 Friedr.
844 3963 950 4013 Liicke
968 3960 1072 4025 (Hamh.
1086 3959 1172 4022 1850).
1200 3961 1264 4025 Ubi,

128 4067 181 4128 po
199 4074 264 4127 sqq,
282 4059 366 4111 multa
381 4061 411 4113 da
428 4073 468 4119 eu,
488 4075 564 4124 quem
581 4060 643 4111 scite
661 4057 824 4111 Heracliteam
841 4063 932 4118 vocat,
952 4055 1264 4109 Schleiermachoro.

161 4155 197 4218 (4)
217 4152 257 4205 cf.
281 4150 386 4205 omniuo
413 4150 456 4203 W·
483 4150 579 4214 Gaea,
606 4148 744 4202 commercii
766 4149 893 4216 epr'atolici,
920 4153 952 4200 de
977 4165 1028 4214 quo
1052 4164 1113 4199 mox
1139 4164 1264 4213 agemus,

115 4232 266 4313 inprobae,
276 4262 302 4311 p.
314 4244 513 4302 nvn-xm
526 4245 571 4295 ubi
579 4259 612 4296 ex
628 4243 796 4295 Herahatiard
806 4244 932 4308 Theologi
944 4243 1092 4294 educatione
1106 4256 1136 4292 ea
1147 4243 1264 4292 ducenda

125 4347 207 4405 putat,
227 4354 291 4404 quae
309 4337 365 4402 ejus
383 4339 410 4390 iu
428 4338 529 4402 seriptis
545 4337 687 4389 Pietisruam
704 4335 827 4389 redolent.
864 4333 915 4389 Sed
932 4343 1000 4388 totus
1022 4336 1065 4387 ille
1082 4336 1207 4399 legendus
1224 4339 1264 4386 ert

125 4435 225 4499 prologi
241 4435 323 4485 locus.
