2782 4958
204 310 243 372 ll
696 330 848 372 utranam

207 501 332 572 moenia
353 525 393 571 ue
410 499 523 597 pedem
544 498 674 598 quidem
697 525 839 599 uuquam
860 499 1020 572 intulerat.
1049 501 1108 573 His
1125 529 1204 576 vero
1219 504 1370 602 missiS,

206 629 299 724 plura
334 627 374 700 de
400 627 501 701 alterat
530 643 606 700 sunt
637 627 790 714 dicenda,
826 653 911 726 quae
946 653 1020 699 mox
1049 641 1207 700 vacatura
1236 650 1352 722 esset,

202 751 366 824 cathedra.
424 754 515 823 Hanc
554 753 819 824 Hermannus
858 750 1146 848 Royaardsius
1183 752 1340 846 ornabat,

202 889 310 947 mente
343 889 498 946 strenuus
533 875 658 960 adhuc,
690 873 750 946 sed
781 874 919 972 pedibus
950 874 1102 948 laborans
1130 873 1234 959 idem,
1261 902 1331 971 gra-

201 997 332 1069 vissima
350 996 494 1094 podagra
508 998 621 1095 captis.
649 999 791 1081 Verum,
810 1001 836 1068 si
853 996 902 1069 vel
920 998 1018 1068 animi
1033 999 1179 1093 vigorem
1192 1001 1324 1092 corporis

204 1121 290 1192 vires
316 1126 530 1218 aequassent,
559 1119 724 1220 quomodo
744 1136 777 1193 et
803 1147 822 1192 a
848 1146 913 1219 quo
938 1121 967 1192 ei
992 1119 1235 1194 succedendum
1256 1121 1320 1194 leret

192 1244 438 1344 »providendum
460 1245 574 1317 luerat.
614 1243 759 1316 Instabat
781 1244 867 1315 enirn
890 1243 1027 1342 proximi
1048 1245 1124 1316 anui
1148 1245 1241 1318 1823
1266 1268 1317 1315 rer·

203 1395 279 1442 num
309 1384 454 1465 tempus,
491 1393 557 1464 quo
591 1367 867 1464 septuagesimum
897 1367 1013 1439 aetatis
1038 1366 1123 1440 diem
1150 1367 1316 1439 anniversa·

203 1493 285 1564 rium
322 1490 547 1562 celebraturus
578 1506 665 1573 erat,
700 1488 849 1588 adeoque
884 1515 923 1561 ex
958 1488 1157 1562 Academiae
1185 1488 1317 1560 institutis

201 1615 285 1687 rude
314 1612 486 1685 donandus
510 1613 600 1685 senio
626 1639 689 1684 nnn
723 1615 842 1709 magis,
871 1638 968 1712 quam
998 1614 1121 1686 meritis
1147 1610 1316 1687 venerabilis

203 1739 389 1834 Theologus
405 1737 466 1834 (l).
493 1735 556 1808 Sed
573 1735 600 1807 si
616 1734 837 1807 Van-Oord
848 1735 901 1808 tio
918 1737 992 1835 quis
1008 1735 1314 1819 sufficiendusesset,

202 1862 258 1934 diu
293 1861 478 1933 dubitatum
513 1876 582 1933 erat
609 1876 709 1958 atque
739 1861 863 1933 incerto
892 1860 980 1932 exitu
1009 1860 1243 1948 deliberatum3
1266 1882 1313 1931 nnn

206 1988 282 2059 item
308 1988 382 2084 quis
405 1982 668 2081 Royaardsio
694 1983 791 2054 Patri.
835 1983 921 2055 Huic
946 1983 1030 2055 enim
1061 1984 1206 2056 omnium
1233 2005 1314 2082 quum

202 2111 419 2208 exspectatio,
441 2124 507 2179 tum
529 2104 709 2178 honorifica
728 2106 921 2178 existimatio
935 2109 1165 2179 successorem
1183 2105 1315 2180 eundem·

203 2259 270 2332 que
281 2232 444 2328 Collegnm
462 2230 581 2328 (neque
597 2228 681 2300 enim
697 2227 871 2301 cathedrae
893 2229 986 2324 plane
1003 2228 1224 2301 valedicturus
1239 2225 1313 2320 ont),
1389 2267 1391 2293 t

202 2356 328 2430 dudum
346 2354 467 2426 Filium
482 2352 659 2426 destinarat
681 2355 954 2424 Hermannum
973 2352 1203 2425 iohannem.
1228 2353 1313 2436 Quen
1388 2393 1389 2404 κ

203 2488 235 2551 r'n
267 2479 372 2551 oculis
410 2477 513 2564 serre,
559 2475 611 2548 cni
655 2475 711 2548 uni
749 2475 917 2571 suffragari
961 2475 1204 2564 Heusdium,
1238 2475 1314 2570 cujus
1387 2517 1389 2519 ·

202 2627 319 2698 magna
336 2616 413 2672 tunc
430 2598 518 2696 apud
536 2600 711 2671 Curatores
734 2614 802 2670 erat
821 2599 1012 2685 auctoritas,
1035 2614 1194 2671 noverunt
1209 2618 1314 2671 omncs.
1385 2632 1386 2640 2

204 2727 289 2798 Huic
316 2732 422 2821 ipsum
449 2723 546 2795 etiam
571 2722 699 2806 lavere,
726 2721 782 2818 qui
811 2736 884 2819 post
910 2724 1030 2818 ejectos
1053 2736 1184 2796 exteros
1209 2719 1317 2796 Acade·

204 2849 287 2920 miae
312 2849 421 2919 Stator
446 2846 561 2918 merito
594 2845 793 2932 habebatur,
819 2844 1058 2941 Heringam,
1083 2871 1125 2918 ex
1156 2849 1228 2943 ejus
1257 2833 1324 2919 inibi

202 2971 363 3058 constitit,
391 2995 473 3068 quas
495 2969 537 3041 ab
569 2994 608 3041 eo
638 2968 702 3040 huc
727 2981 881 3040 evocatus
910 2969 1057 3067 accipere
1082 2986 1332 3043 consueveram,

202 3097 318 3168 litteris
341 3093 562 3167 familiaribus.
601 3093 807 3190 Quamquam
834 3117 908 3165 eum
929 3108 1046 3190 sponte
1064 3095 1130 3190 jam
1152 3090 1343 3167 academici

202 3218 309 3290 studia
329 3217 616 3304 commendabant,
641 3214 736 3288 docta
758 3215 811 3287 illa
836 3229 936 3314 atque
962 3214 1142 3301 indelessa,
1169 3243 1273 3316 quae,
1304 3220 1354 3283 nl

201 3342 281 3441 quid
305 3341 449 3429 deesset,
479 3338 698 3412 laudatissima
716 3339 904 3411 terminarat
928 3339 1098 3437 disputatio
1123 3323 1364 3439 inaoquralit·

203 3466 332 3551 Quibus
357 3465 509 3538 omuibus
533 3462 822 3536 commendationis
847 3463 949 3536 veluti
983 3463 1154 3536 momentis
1184 3464 1305 3540 cumul
1322 3461 1376 3515 ¹¹⁵

201 3593 267 3687 jam
288 3590 441 3679 accessit,
465 3589 506 3663 de
531 3595 596 3687 qud
619 3588 777 3674 diximus,
801 3589 932 3661 Danieli
952 3588 1075 3662 tributa
1094 3605 1297 3662 commentat
1310 3570 1387 3691 3⁰2

205 3715 279 3799 Qua
309 3729 442 3786 strenue
478 3738 517 3785 ac
552 3712 716 3784 subtiliter
752 3711 841 3785 Sacri
873 3712 1001 3784 Codicis
1031 3713 1188 3786 bonorem
1226 3718 1376 3787 ιυεῐι

206 3862 271 3907 nou
297 3836 442 3908 studium
477 3833 581 3930 magis
609 3833 763 3930 probasse
793 3833 985 3920 videbatur,
1014 3860 1111 3933 quarn
1138 3836 1386 3930 singutarffl

204 3957 400 4030 facultatem.
429 3957 515 4043 Quid
536 3958 650 4028 mirum
671 3956 786 4054 igitur,
806 3957 832 4028 si
851 3958 939 4030 hunc
958 3959 1158 4055 potissimum
1183 3959 1336 4033 idonett

203 4095 402 4155 censuerunt
420 4083 595 4153 Curatores
614 4081 833 4180 dignumque,
853 4082 947 4178 cujus
965 4080 1166 4154 institutione
1188 4108 1227 4153 ac
1247 4109 1321 4181 prat
1339 4081 1386 4130 ⁴⁹⁶

205 4209 308 4303 ceptis
334 4208 475 4278 Juvenes
502 4206 741 4295 imbuerentur,
766 4206 933 4279 Ecclesiae
961 4204 1035 4277 olim
1065 4206 1326 4279 ministraturi?

243 4481 287 4554 (l)
308 4479 548 4554 septuagesimum
559 4478 658 4534 aetatis
667 4495 769 4534 annum
777 4478 971 4552 complevitH.
981 4479 1017 4534 R.
1029 4479 1057 4535 d.
1068 4486 1081 4533 t
1092 4497 1128 4534 m.
1138 4477 1242 4551 Aprilis
1253 4471 1351 4534 182⁹·
