2782 4958
151 325 214 387 166
559 348 598 388 na
623 347 722 389 norun
746 349 909 390 nnnuncrrs

149 513 202 596 qui
226 512 358 596 pulcram
383 532 446 574 esse
470 511 627 575 Homeri
652 513 789 577 Iliadem
812 507 1016 578 demonstrare
1038 536 1071 578 sc
1091 516 1169 580 velle
1189 517 1315 602 jacta-

147 625 210 702 bat,
241 625 374 710 lepidum
406 627 535 710 aliquem
568 629 735 712 reposuisse
765 628 867 690 ferunt
898 627 1062 692 hominem.
1114 628 1315 716 »Ecquass'

146 741 268 823 inquit,
303 751 379 816 nest,
414 743 467 824 qui
496 763 556 805 non
584 742 728 826 pulcram
761 763 821 804 esse
848 741 984 806 Iliadem
1008 744 1196 826 conlaudare
1230 767 1315 808 ou-

148 850 287 918 »deotl''
311 890 354 900 -
378 853 461 923 Quid
485 854 584 917 enim?
635 853 791 917 Nonnulla
815 853 887 917 huic
908 855 1087 918 eruditionis
1110 877 1147 919 ac
1164 858 1309 942 pictatis

148 975 343 1032 monumento
375 968 410 1030 ad
443 989 589 1031 summam
622 969 695 1030 artis
727 968 888 1030 historicae
920 970 1136 1050 perlectionem
1160 970 1298 1046 deese,

87 1152 91 1161 ¹
147 1081 309 1166 paullisper
329 1083 537 1146 concedamus.
576 1082 649 1145 Esto
665 1083 773 1167 igitur,
800 1083 1044 1159 Neandrum‚
1068 1085 1121 1166 qui
1145 1087 1289 1150 universe

145 1197 226 1259 vitae
242 1197 431 1260 sanctitatem
448 1198 544 1280 magis
563 1195 736 1259 advertebat
752 1217 786 1258 ac
803 1197 968 1260 studiosius
984 1196 1169 1274 sectabatur,
1194 1219 1285 1283 quam

144 1312 256 1376 cultam
280 1313 472 1396 elegantiam,
507 1332 575 1374 eum
606 1310 668 1374 stili
700 1311 903 1393 orationisque
930 1312 1030 1394 gratia
1052 1332 1088 1374 ac
1110 1318 1278 1392 venustate,

144 1445 358 1506 nonnunquam
376 1425 464 1486 etiam
480 1423 581 1487 lucida
597 1424 824 1507 perspicuitate,
845 1422 883 1487 ab
899 1423 965 1486 aliis
992 1424 1121 1489 subinde
1146 1429 1278 1512 superari

144 1539 320 1602 Historicis.
377 1539 415 1601 In
446 1536 601 1617 fontibus,
638 1538 718 1600 unde
749 1536 947 1601 hauriendum
981 1545 1065 1616 erat,
1098 1539 1278 1626 indagandis

145 1658 234 1737 atque
256 1653 446 1736 inquirendis
468 1653 604 1736 quamvis
628 1673 766 1736 magnam
798 1653 878 1714 vitae
908 1659 1022 1736 partem
1046 1658 1114 1719 rara
1137 1677 1277 1722 consum·

143 1769 219 1832 serit
241 1766 401 1852 diligentia
424 1788 458 1829 ac
483 1768 663 1843 constantia;
690 1765 737 1828 vel
766 1767 810 1828 sic
832 1772 932 1831 tamen
963 1768 1177 1834 Gieseler'o
1209 1792 1277 1856 pau·

143 1883 247 1965 cisque
278 1881 360 1961 aliis,
394 1881 491 1965 quoad
522 1881 658 1943 criticam
689 1880 780 1963 hujus
806 1880 1025 1964 disquisitionis
1047 1890 1181 1967 partem,
1219 1907 1277 1950 non

34 2012 38 2016 ’
142 1996 229 2081 plane
252 1998 294 2058 sit
316 1995 564 2080 aequiparandus.
614 1995 692 2058 Tum
715 1997 747 2058 in
771 2016 871 2059 rerum
895 1996 1041 2071 civilium,
1068 2018 1150 2080 quae
1170 1998 1276 2064 Eccle-

142 2113 203 2174 siae
227 2133 295 2174 oum
319 2111 389 2173 latis
412 2111 590 2193 conjunctae
614 2114 709 2188 erant,
729 2111 949 2192 comparatione
965 2114 1056 2192 atquc
1076 2113 1278 2194 explicatione

141 2247 203 2290 non
225 2232 354 2304 tantum,
380 2234 526 2309 quantum
550 2226 757 2310 Spittlerus
780 2231 881 2309 atque,
908 2225 1047 2309 huicqui
1063 2229 1277 2310 praeferendus

140 2345 198 2421 est,
224 2341 457 2415 Planckins‚
481 2362 571 2404 curae
594 2341 729 2424 posuerit
752 2346 841 2422 atque
864 2362 980 2424 operae.
1030 2340 1275 2406 Christianorum

141 2457 260 2520 animos
293 2457 395 2540 potius
429 2454 516 2518 nobis
550 2454 775 2539 cognoscendos
809 2454 927 2518 dederit
960 2460 991 2517 et
1025 2457 1273 2540 conspiciendos,

140 2571 321 2636 Aestlacticea
351 2591 412 2633 non
440 2569 600 2632 admodum
624 2570 779 2646 curiosus,
809 2572 937 2643 Auctor,
970 2589 1059 2651 quam
1091 2567 1275 2650 hymnorum

137 2686 347 2768 pictarumque
370 2682 550 2762 tabularum,
576 2683 687 2765 quibus
709 2682 890 2763 utebantur,
923 2684 1101 2767 elegantiam
1134 2690 1166 2748 et
1195 2691 1273 2748 tem-

137 2798 275 2882 plorum,
313 2820 388 2882 quae
424 2796 637 2872 aedificabant,
676 2796 889 2860 cathedralium
927 2797 1193 2881 magnificentiam.
1222 2833 1273 2853 .-

56 2982 61 2987 ,
137 2911 283 2992 Tandem,
308 2913 363 2974 etsi
387 2935 403 2974 a
425 2913 554 2994 partium
584 2909 638 2973 illo
661 2909 776 2987 studio,
809 2931 869 2992 quo
899 2910 969 2974 duci
998 2932 1057 2973 nou
1087 2931 1155 2974 raro
1179 2916 1272 2995 etque

137 3025 233 3109 abripi
264 3049 296 3088 se
330 3048 433 3110 passus
468 3031 532 3089 erat
565 3023 835 3090 Gothofredus
869 3024 1092 3099 Arnoldus,
1130 3026 1272 3090 universe

135 3140 335 3204 alienissimus
368 3146 448 3204 esset
470 3140 561 3224 longe
583 3139 700 3204 doctior
723 3139 774 3202 hic
796 3161 831 3203 ac
854 3139 993 3202 solertior
1016 3139 1081 3222 ejus
1107 3139 1268 3218 Aemulus;

134 3256 181 3321 vel
205 3257 248 3320 sic
271 3262 371 3319 tamen
394 3254 476 3318 hunc
497 3257 597 3339 ipsum
622 3275 752 3339 quoque,
779 3255 830 3317 cui
846 3254 944 3316 acrior
958 3253 1084 3316 lorsitan
1103 3253 1270 3330 sentiendi,

132 3391 222 3455 quam
245 3369 443 3433 ratiocinandi
467 3369 593 3432 facultas
616 3374 691 3444 erat,
718 3366 772 3431 ubi
796 3389 865 3431 cum
890 3366 1099 3432 Heterodoaia
1121 3388 1154 3430 ac
1180 3367 1272 3453 Mys·

132 3487 196 3550 licia
220 3486 376 3570 litigantes
400 3483 521 3549 videbat
544 3507 578 3548 ao
602 3485 810 3548 conflictantes
844 3482 1045 3557 Oetlodoaos,
1079 3481 1180 3566 paullo
1213 3480 1269 3545 bc·

132 3602 303 3685 nigriorem
328 3606 417 3682 atque
441 3601 612 3683 aequiorem
636 3600 698 3663 illia
729 3620 803 3677 sese,
831 3599 999 3682 quamtis,
1023 3597 1156 3680 judicem
1180 3589 1268 3679 prae·

132 3714 244 3791 buisse,
272 3735 417 3798 ponamus
441 3735 474 3774 ac
499 3713 705 3775 concedamus.

175 3941 260 4004 Haec
282 3943 390 4027 igitur,
417 3965 493 4026 quae
524 3942 559 4007 ab
591 3943 657 4008 aliis
689 3943 746 4005 alio
779 3942 867 4004 modo
897 3963 931 4004 ac
955 3946 1089 4024 tempore
1113 3939 1219 4018 allata,
1250 3962 1267 4004 a

128 4053 216 4119 nobis
238 4057 270 4118 in
295 4077 382 4120 unam
407 4056 536 4140 aliquam
561 4057 666 4121 collata
690 4062 762 4120 sunt
783 4076 949 4130 summam,
975 4075 1035 4117 non
1059 4053 1267 4136 improbabili·

127 4176 174 4236 ter
197 4171 344 4257 disputari
368 4172 543 4258 largiamur.
593 4171 783 4256 Quamquam
806 4170 900 4234 multa
924 4171 955 4232 in
980 4169 1160 4232 contrariam
1191 4191 1265 4253 par·

127 4293 187 4350 tom
213 4288 315 4370 reponi
339 4309 424 4371 posse
448 4309 509 4352 non
533 4288 633 4351 minus
657 4291 740 4350 certo
764 4289 890 4349 constat.
936 4283 994 4346 Sed
1018 4284 1043 4345 si
1067 4282 1115 4346 vel
1139 4303 1212 4347 vera
1235 4287 1265 4346 et

126 4400 250 4465 indubia
277 4425 339 4465 csse
365 4405 464 4468 omnia
491 4425 538 4467 me
570 4403 727 4487 peritiores
759 4403 883 4466 forsitan
904 4399 1109 4484 judicaverint
1139 4396 1261 4477 arbitri;
