2782 4958
133 346 200 410 tot
419 362 460 404 aa
482 360 582 406 unam
603 361 766 406 umnam-rs
789 361 958 407 rucocoors.

177 535 274 616 Atque
298 531 400 596 eadem
431 529 504 595 baec
526 529 591 594 laus
612 531 645 594 in
669 529 740 594 alias
762 531 871 596 multas
893 534 1037 597 convenit
1062 535 1257 618 (nequeenim

135 667 237 710 omues
259 665 433 708 enumerare
455 645 589 730 possum)
617 642 702 708 illius
726 645 905 729 conciones,
937 669 1010 730 quas
1032 648 1082 714 vel
1103 671 1159 714 suo
1182 653 1258 716 llarte

133 781 264 824 seorsum
287 757 459 844 evulgavit,
493 757 543 822 vel
570 758 602 821 in
623 758 786 823 orationum
816 782 964 825 sacrarum
991 763 1207 842 Promtucric'e,
1228 765 1257 829 ad

132 895 261 957 quorum
295 873 456 937 curandam
497 872 661 936 editionem
695 894 764 937 cum
798 872 865 938 aliis
899 874 1045 941 Ecclesiae
1083 878 1259 944 Germanicae

133 986 311 1074 Coryphaeis
336 1009 420 1052 suam
447 987 669 1051 consociaverat
694 1008 815 1073 operam
844 988 902 1072 (l).
951 993 992 1055 Ne
1016 991 1054 1055 de
1077 994 1172 1057 sceris
1196 994 1259 1077 quid

130 1103 236 1167 addam
261 1101 410 1178 conticis,
440 1121 516 1183 quae
543 1099 591 1164 vel
614 1101 800 1167 orationibus
824 1102 952 1168 subinde
980 1105 1110 1188 adjecit,
1137 1106 1185 1170 vel
1206 1107 1257 1171 sola

130 1216 296 1302 publicavit
320 1214 380 1303 (ἲ).
429 1215 544 1299 Ubique
567 1217 649 1282 enim
671 1216 720 1281 vel
744 1217 895 1283 Oratorem
916 1218 1051 1284 videmus
1074 1219 1122 1285 vel
1150 1222 1257 1286 Pobtcm

132 1333 215 1417 (nam
237 1331 312 1416 ipsis
332 1330 423 1395 etiam
448 1330 482 1393 in
511 1328 697 1395 orationibus
723 1351 785 1394 non
810 1351 877 1394 raro
898 1331 1010 1416 poetici
1041 1333 1116 1415 quid
1137 1334 1253 1417 inerat),

131 1470 214 1532 quem
241 1469 301 1511 coc
332 1445 455 1527 puderet
487 1444 652 1527 Euccqelii
685 1444 820 1521 uticem
849 1445 958 1529 quispe
984 1446 1062 1531 quod
1089 1448 1135 1512 sit
1162 1449 1256 1512 diolco

128 1560 282 1640 potentio,
303 1556 449 1623 calcearis
471 1559 551 1622 cruci
564 1559 679 1644 fidenti
704 1560 764 1645 (3).

176 1789 242 1863 Quo
262 1791 396 1872 tempore
418 1787 514 1871 igitur
539 1791 570 1850 et
592 1783 704 1870 quibus
729 1786 762 1850 in
788 1786 963 1873 regionibus
988 1789 1176 1873 antiquatam
1202 1791 1256 1874 jam

129 1924 192 1967 essa
207 1908 297 1987 atquc
320 1900 498 1966 obsolevisse
521 1899 610 1964 multi
630 1899 850 1967 contendebant
872 1901 949 1967 hauc
964 1902 1069 1967 salutis
1084 1903 1255 1978 doctrinam,

129 2039 191 2082 non
214 2017 279 2080 sine
307 2017 361 2080 uei
385 2017 421 2081 0.
451 2017 486 2079 ll.
518 2016 647 2079 Numine
673 2016 784 2080 factum
819 2021 865 2081 est
891 2022 922 2081 et
947 2017 1075 2101 provida
1104 2020 1198 2094 curat,
1229 2023 1257 2081 ut

129 2154 213 2208 eam,
242 2133 303 2214 qud
330 2130 462 2194 maxima
488 2134 627 2214 poterant
657 2131 801 2194 orationis
827 2131 915 2217 copiti
942 2136 1032 2214 atque
1065 2129 1254 2213 eloquentia,

129 2251 287 2312 tuerentur
306 2249 591 2331 propugnarentquc
624 2243 913 2309 'lhereminius
931 2249 962 2309 et
993 2245 1212 2309 Draselrius
1231 2247 1258 2306 et

128 2359 328 2446 Eylertius
350 2364 381 2424 et
403 2357 465 2440 alii,
490 2378 568 2441 quos
591 2365 679 2422 testes
700 2357 840 2422 veritatis
865 2357 935 2442 jure
960 2357 1085 2439 dixeris,
1110 2357 1174 2422 Viri
1196 2377 1256 2442 gru·

128 2475 242 2540 nissimi
265 2496 299 2540 ac
321 2472 441 2538 dicendi
464 2470 604 2537 facultate
627 2469 777 2556 plerisque
800 2468 1011 2536 antecellentes
1029 2470 1214 2554 aequalibus.

122 2664 277 2680 m—

161 2784 196 2844 (l)
215 2780 292 2830 vide.
312 2777 430 2832 Nacta
448 2777 550 2846 Muqcs.
571 2796 615 2830 aon
633 2779 864 2847 cccccccccc
884 2797 909 2833 c.
928 2780 1004 2832 credre
1026 2781 1170 2849 Pradiotec.
1195 2781 1255 2833 Her·

125 2873 252 2939 cusceqet.
267 2887 311 2921 coc
325 2871 500 2930 Hanstein,
514 2873 626 2936 Bylert
642 2889 668 2923 c.
689 2874 842 2925 Drtseke.
860 2873 901 2926 VI
912 2872 1018 2938 Raude,-
1030 2873 1150 2939 Mchcb.
1164 2880 1254 2926 1816-

129 2973 202 3018 1822.
220 2991 252 3002 -
271 2963 344 3030 Mcq.
359 2981 401 3014 oon
415 2962 519 3024 Ocsaul,
536 2965 629 3016 besocd.
647 2965 737 3026 Istcine,
750 2966 828 3033 caud.
850 2966 999 3018 Amtaredec.
1017 2948 1203 3034 Herccsqeyeb.
1214 2983 1252 3018 eon

126 3061 256 3127 Eylert,
274 3056 638 3117 Arndt,Marhcineke,
655 3057 836 3121 Rossbach,
855 3060 1019 3123 Lisco,dc
1036 3060 1149 3112 Wstte
1167 3075 1251 3110 acu.

125 3153 195 3206 VIII
209 3150 314 3214 Bccdc,·
334 3148 451 3215 dsccdcb.
466 3149 525 3202 (nisi
540 3150 623 3203 fallor)
641 3167 666 3200 u.
688 3157 866 3206 lesu-18⁴2.

159 3246 196 3308 (2)
215 3242 340 3295 Geistla'ete
358 3241 454 3294 Lieder.
471 3243 485 3293 I
501 3240 613 3309 Spccde,·
632 3241 715 3293 Bercl.
735 3249 806 3295 18³4.

62 3335 65 3340 ’
160 3338 203 3401 (3)
221 3337 262 3387 De
277 3336 423 3402 Eylartio
440 3335 538 3385 consuli
548 3336 651 3400 quidem
663 3343 745 3401 potest
761 3352 839 3403 opus:
852 3335 937 3389 Necer
948 3336 1047 3391 Necrol.
1056 3336 1101 3388 der
1112 3335 1247 3394 Dectsetec,

125 3431 215 3485 XXX.
236 3434 308 3480 1852.
329 3434 349 3479 1.
361 3444 387 3493 p.
407 3432 439 3478 ⁸8
455 3442 524 3492 seqq.
557 3426 608 3478 Sed
624 3428 701 3492 longe
720 3429 822 3493 plenius
839 3438 1007 3494 cognoscetur
1023 3430 1078 3495 ipse
1096 3445 1130 3482 cx
1147 3428 1245 3482 thrcc·

124 3534 173 3577 tere
188 3541 218 3575 cc
239 3521 302 3582 Vct,
321 3536 397 3588 quam
414 3521 561 3586 descripsit,
580 3519 658 3586 Regis
675 3520 768 3575 Fred.
792 3521 876 3576 Wa'lb.
893 3521 941 3573 111.
