2782 4958
576 362 618 404 nu
642 362 820 406 aunrroxxs.
1223 345 1262 410 17

132 527 212 601 enim
231 528 318 600 bona
332 527 558 627 procliviorem
576 553 628 601 me
645 528 783 601 lectores
803 528 977 616 invenient,
997 553 1095 627 quarn
1109 528 1150 600 ad
1164 529 1257 618 mala,

130 676 212 749 qnae
237 650 368 750 quidem
400 677 464 722 non
494 649 589 722 nimis
613 650 753 747 maligne
778 655 824 723 rei
850 675 962 722 sacrae
988 675 1095 723 arcem
1123 664 1255 749 petant,

131 774 244 845 acriter
264 773 461 870 castiganda.
489 818 536 833 -
565 773 735 864 Censores,
759 773 809 845 vel
836 764 997 870 longiores
1017 774 1087 845 illas
1110 774 1161 845 vel
1179 774 1256 846 bre-

129 896 253 984 viores,
287 886 520 992 Disputationes
548 896 730 994 excipient,
763 896 883 994 quibus
914 895 1012 967 divini
1044 895 1172 967 Codicis
1197 911 1254 969 aut

128 1019 277 1091 universe
302 1018 468 1091 doctrinae
496 1015 697 1115 theologicae
720 1018 828 1090 locum
859 1018 1043 1116 quempiam
1069 1017 1253 1091 illustrandi

128 1141 295 1213 consilium
309 1142 512 1240 propositum
529 1143 598 1214 erit.
614 1187 660 1231 ·,·
675 1145 766 1228 Quas
786 1140 916 1213 tandem
930 1142 1162 1238 Disputationes
1179 1143 1252 1237 Mo·
1311 1203 1317 1216 .

127 1266 190 1335 nita
209 1279 243 1337 et
267 1264 466 1353 (lunationes
483 1278 671 1363 sequentur.
698 1265 791 1338 Modo
812 1263 897 1337 enim
917 1264 1060 1362 cogitata
1080 1262 1253 1362 quaedam,

126 1401 235 1458 nostro
254 1387 332 1458 huic
347 1387 485 1485 tempori
509 1413 573 1459 non
597 1388 693 1487 plane
717 1387 842 1460 inutilia
868 1388 957 1478 visa,
987 1389 1164 1459 constricta
1191 1386 1253 1459 ad-

127 1509 310 1581 monitionis
332 1510 491 1582 brevitate
513 1511 686 1596 conclusa,
706 1510 911 1583 adumbrabo
933 1511 1061 1609 potius,
1081 1535 1179 1609 quam
1196 1534 1255 1581 ex-

127 1629 263 1729 plicabo.
289 1632 383 1704 Modo
395 1633 481 1705 hanc
498 1632 627 1707 illamve
644 1634 879 1733 quaestionem,
899 1659 973 1706 cum
993 1633 1131 1705 maxime
1147 1632 1256 1704 Theo-

127 1752 274 1848 logorum
303 1753 429 1843 animos
460 1753 699 1842 advertentem,
737 1769 794 1826 aut
819 1779 932 1827 eorum
963 1767 1051 1828 certe
1076 1756 1254 1829 attentione

127 1875 277 1972 dignam,
304 1877 351 1947 sic
375 1877 550 1973 attingam,
583 1891 620 1949 ut
646 1903 711 1949 non
737 1889 802 1949 tam
831 1876 911 1976 quid
936 1879 1072 1950 sentiam
1099 1879 1168 1977 ipse
1197 1904 1255 1952 ex-

126 2025 254 2096 ponam,
277 2023 374 2098 quam
395 1997 505 2097 potius
521 1998 600 2097 quid
620 2000 759 2071 sentiant
776 2000 914 2071 lectores
937 1999 1123 2072 humaniter
1136 2004 1254 2099 exqui-

127 2145 201 2193 ram.
252 2124 327 2207 Quo
348 2123 437 2193 lacto
458 2122 484 2192 si
511 2147 624 2194 eorum
649 2121 823 2194 nonnullos
846 2134 934 2194 certe
952 2120 993 2192 ad
1019 2121 1252 2194 accuratiorem

127 2243 178 2332 rei,
204 2243 245 2316 de
262 2249 328 2342 qua
348 2245 532 2342 quaeritur,
555 2243 810 2344 disquisitionem
831 2242 1001 2341 impulere,
1022 2243 1106 2315 bene
1126 2268 1255 2315 mecum

128 2381 232 2438 actum
261 2366 434 2464 reputabo.

168 2488 342 2574 Pluresne,
369 2515 410 2561 an
426 2514 563 2587 paucos
591 2488 777 2586 hujusmodi
805 2488 999 2561 Chartarum
1015 2488 1132 2560 Libros
1157 2488 1253 2561 edere
1296 2568 1300 2577 ,

127 2611 261 2708 cogitem
288 2626 325 2683 ut
350 2612 416 2707 jam
442 2637 529 2683 nunc
554 2611 727 2709 profitear,
754 2636 848 2683 nemo
872 2637 891 2682 a
918 2636 969 2684 me
993 2613 1137 2710 requirat
1161 2637 1250 2710 rogo.

125 2733 250 2805 Etenim
279 2758 332 2805 res
357 2732 482 2831 integra
507 2739 597 2808 Θεοῦ
619 2736 661 2809 ἐν
687 2733 847 2832 γούνασι
870 2747 1000 2808 κεῖται.
1053 2738 1122 2806 Hac
1148 2747 1253 2808 aetate

125 2880 200 2943 uso,
224 2857 286 2928 hac
308 2856 494 2931 valetudine
519 2857 693 2956 depresso,
719 2858 781 2929 hac
809 2858 928 2930 obruto
954 2858 1251 2956 interpellationum

125 2980 205 3052 mole
233 2994 267 3052 et
296 2979 505 3054 multitudine
537 2980 618 3052 nihil
650 2981 729 3052 mihi
764 2979 965 3053 confidenter
993 2981 1138 3079 recipere
1166 2981 1248 3053 licet,

123 3101 248 3175 Faciam
274 3128 359 3201 quae
383 3115 516 3198 potero,
542 3102 574 3174 id
600 3117 650 3175 est
674 3128 759 3201 quae
781 3103 888 3176 lacere
908 3129 959 3175 me
983 3103 1042 3176 Dei
1067 3104 1105 3175 Ο.
1128 3105 1171 3176 Μ.
1192 3104 1251 3176 be-

123 3225 260 3321 nignitas
282 3227 447 3325 permittet
468 3239 500 3299 et
524 3222 686 3324 patientia.
729 3228 765 3297 ln
789 3227 885 3322 cujus
907 3229 1005 3298 unius
1027 3225 1147 3297 auxilio
1168 3224 1251 3299 fidu·

123 3346 168 3418 cia
188 3348 343 3447 reposita,
360 3349 423 3420 hoc
437 3347 595 3447 quicquid
612 3359 660 3420 est
681 3349 771 3446 pensi
789 3346 875 3442 παρ’
899 3345 1031 3419 ἐλπίδα
1050 3346 1104 3419 ἐπ’
1129 3347 1252 3421 ἐλπίδι

123 3469 258 3569 suscepi.
286 3471 347 3544 Cui
368 3472 444 3571 ipsi,
458 3471 485 3543 si
506 3497 571 3543 non
585 3471 681 3571 plane
697 3470 818 3542 frustra
838 3495 890 3543 me
905 3469 1070 3542 laborasse
1094 3493 1154 3540 nec
1171 3493 1252 3566 ope-

96 3619 186 3666 xram
209 3594 390 3694 perdidisse
407 3594 613 3682 intellexero,
636 3594 750 3693 quales
770 3619 864 3691 agam
884 3605 1090 3692 quantasque
1111 3591 1247 3687 gratias!

167 3837 266 3924 Quod
286 3835 448 3936 reliquum
463 3849 522 3925 est,
542 3836 804 3928 Commilitones,
824 3836 880 3935 qui
893 3835 1154 3909 desideratissimi
1173 3834 1250 3906 mihi

122 3958 225 4032 fuistis
242 3975 300 4033 aut
321 3960 398 4033 estis
423 3958 616 4032 Auditores!
645 3958 769 4048 vivetis,
796 3957 852 4031 diu
874 3959 1007 4047 vivetis,
1033 3959 1059 4031 si
1080 3957 1157 4058 quid
1179 3983 1252 4030 mea

123 4095 196 4154 vota
219 4083 352 4172 valent,
376 4083 508 4172 felices,
534 4081 620 4172 mei,
644 4082 712 4155 sive
738 4082 770 4154 in
794 4081 896 4155 hocce
922 4081 1030 4155 adhuc
1054 4080 1159 4153 stadio
1179 4081 1250 4152 Vo-

123 4203 249 4279 biscum
267 4206 514 4294 commorantis,
534 4231 593 4278 seu
607 4230 625 4277 a
639 4207 709 4279 Deo
728 4210 794 4302 jam
815 4205 891 4277 hino
908 4205 1050 4292 evocati,
1075 4230 1138 4276 non
1157 4202 1252 4301 plane

124 4325 337 4401 immemores.
391 4331 440 4401 lta
463 4353 541 4402 vcro
563 4327 696 4417 vivatis,
718 4354 851 4427 precor,
876 4354 914 4400 ac
938 4326 1091 4411 valeatis,
1115 4339 1151 4398 ut
1173 4350 1251 4422 gra-

123 4449 206 4521 viter
227 4450 409 4549 aegrotanti
433 4450 553 4524 Christi
573 4451 741 4525 Ecclesiae
763 4465 870 4525 vestra
890 4448 1038 4549 proficiat
1058 4448 1121 4520 vita
1139 4473 1177 4519 ac
1195 4471 1253 4518 va·

1082 4580 1101 4637 2
