2782 4958
222 327 264 390 38
708 344 861 389 nsansmo

227 513 357 587 tandem
385 512 558 609 Religionis
592 509 793 582 Christianae
820 521 975 580 certamen
1007 509 1042 581 ic
1072 510 1284 585 Nederlcadid
1302 539 1329 586 cc

228 636 427 733 triumphum.
455 637 548 721 the
569 633 698 733 prodita
721 633 809 730 leges
827 632 1094 707 commentariola
1110 636 1232 732 majore
1247 636 1329 736 aliquo

228 762 261 834 in
286 785 402 858 opere;
424 785 491 858 quo
515 757 602 831 edito
627 756 740 857 plures
761 755 794 828 id
821 781 919 854 agere
943 757 1137 854 inceperunt
1155 758 1223 831 Viri
1243 757 1331 831 lauda-

227 883 355 972 tissimi,
373 895 424 972 ut,
443 889 504 957 sub
525 907 544 954 a
564 880 700 978 singulis
723 879 841 953 collatb
866 879 1026 978 symbola,
1047 880 1242 980 praecipuos
1257 907 1332 980 quos·

227 1007 301 1079 dam
325 1008 410 1103 ejus,
439 1005 480 1078 de
504 1011 570 1104 qul
595 1003 747 1091 dicimus,
775 1001 938 1076 Historiae
963 1003 1053 1077 locos
1076 1004 1146 1077 sive
1175 1007 1277 1103 capite
1297 1003 1338 1077 in-

226 1130 398 1204 doctorum
425 1127 592 1201 hominum
619 1126 661 1199 ad
687 1151 819 1199 sensum
837 1140 937 1225 atque
964 1124 1213 1226 intelligentiam
1234 1152 1345 1226 reprae-

226 1266 391 1327 sentarent
416 1278 454 1327 ac
478 1251 580 1325 veluti
607 1250 822 1349 depingerent
845 1249 905 1348 (l).

273 1871 362 1942 Ecca
380 1872 471 1943 vero!
492 1867 542 1941 bis
556 1871 620 1965 jam
638 1869 783 1968 scriptis,
806 1881 955 1970 quartam
976 1869 1074 1956 illam,
1093 1896 1195 1971 quam
1214 1871 1341 1945 ultimam

227 1991 326 2065 modo
340 2005 436 2065 antea
454 1991 555 2089 attigi,
571 1990 882 2090 disputatiunculam
905 2005 1054 2067 nontam
1073 1993 1114 2067 ad
1133 1995 1338 2093 generaliorem

226 2114 389 2212 pertinere
413 2112 523 2200 video,
541 2113 582 2186 de
602 2120 669 2213 qul
692 2113 801 2188 adbuc
822 2114 904 2204 dixi,
925 2142 1023 2215 quam
1048 2116 1089 2190 ad
1105 2118 1337 2191 Nederlmidicct

226 2237 412 2336 singulatim
435 2238 596 2309 Ecclesiae
613 2239 799 2311 Historiam.
851 2240 902 2312 De
926 2239 989 2312 bac
1012 2239 1126 2336 igitur,
1152 2266 1238 2340 quo,
1259 2263 1339 2339 quam

228 2360 442 2450 instituimus,
473 2362 536 2434 tela
565 2375 682 2461 sponte
711 2388 772 2435 nos
797 2363 944 2452 deducit,
973 2365 1039 2461 jam
1065 2363 1245 2436 videamus.
1290 2360 1340 2434 Ubi

226 2485 268 2556 ab
292 2485 572 2559 animadversione
597 2485 761 2575 ordimur,
789 2487 821 2558 in
847 2491 914 2586 qua
941 2487 1201 2561 consentientem
1227 2484 1342 2559 Scbol

226 2608 374 2681 tenium
402 2607 562 2685 habemus
587 2634 625 2682 ac
651 2609 826 2685 Gla-sium
861 2610 922 2708 (2)
974 2610 1007 2681 Si
1030 2610 1115 2682 enim
1142 2606 1344 2683 uniuersdde

225 2729 346 2802 Christi
366 2731 537 2803 sociemie
550 2733 694 2805 Historia
711 2732 796 2806 bene
817 2733 936 2806 meruit
952 2733 1246 2832 Royaardsius,
1263 2733 1345 2830 longo

224 2852 405 2948 majoribus
434 2856 530 2926 etiam
573 2880 612 2929 ac
646 2855 741 2954 plane
774 2856 995 2955 singularibus
1025 2857 1154 2955 petrice
1190 2857 1346 2930 Ecclesiae

225 2974 400 3048 Historiam
426 2976 487 3048 sibi
509 2976 655 3050 devinxit
677 2978 803 3053 officiis.
855 2982 948 3053 Hanc
974 2981 1007 3052 in
1032 2978 1218 3079 praecipuis
1245 2976 1346 3052 habuit

225 3096 408 3170 studiorum
436 3097 567 3172 deliciis.
619 3102 655 3171 ln
677 3101 751 3186 tte,
776 3103 955 3199 posteriore
976 3102 1132 3200 imprimis
1155 3101 1252 3174 stadii
1276 3117 1346 3175 tem-

225 3245 319 3317 poro,
347 3221 449 3318 magis
466 3222 578 3312 etiam,
606 3247 705 3321 quam
730 3225 762 3296 in
789 3225 867 3310 itta,
891 3224 1103 3299 habitandum
1136 3225 1200 3298 sibi
1224 3224 1343 3324 putavit.

226 3346 320 3440 Hanc
346 3345 502 3444 peculiari
528 3371 606 3444 prae
628 3348 764 3421 caeteris
784 3347 937 3422 omnibus
960 3355 1040 3422 cura
1068 3364 1101 3422 et
1118 3348 1279 3423 industrib
1294 3345 1345 3420 sibi

226 3552 368 3559 m--a—

263 3682 311 3753 (1)
332 3681 411 3754 Opus
431 3682 504 3751 dico,
526 3681 570 3736 cui
590 3680 704 3736 titulus:
725 3681 902 3739 Gescbiedenis
920 3687 964 3740 der
979 3684 1074 3740 Christ.
1096 3684 1219 3741 Kerbia
1240 3684 1341 3754 chercc·

224 3783 281 3851 lm;
300 3783 382 3837 Amet.
401 3789 471 3838 1852
486 3800 550 3854 sqq.
582 3781 668 3854 Cujus
682 3783 772 3838 Tomo
792 3783 819 3838 I.
831 3802 861 3855 p.
884 3790 917 3838 73
932 3802 995 3856 sqq.
1017 3791 1094 3856 etp.
1117 3791 1152 3839 93
1173 3803 1237 3858 sqq.
1251 3783 1338 3858 priores

221 3880 304 3936 binae
324 3889 438 3937 exstant
456 3882 678 3954 Royanrdsii
702 3882 794 3955 dispp.
835 3881 959 3936 Tertiam
979 3883 1062 3936 babet
1082 3882 1166 3937 Tum.
1188 3882 1230 3937 11.
1251 3901 1277 3954 p.
1297 3883 1336 3933 180

224 3997 315 4053 seqq.;
337 3988 465 4052 quartam
485 3981 606 4054 denique
626 3982 708 4035 Tom.
730 3983 789 4038 111.
810 4001 839 4055 p.
862 3989 897 4038 50
917 4001 981 4054 sqq.
1014 3983 1067 4038 His
1087 3985 1121 4038 de
1141 3985 1259 4038 Iconibus
1275 3980 1335 4038 Kit-

224 4079 300 4134 tius
319 4080 355 4134 cf.
376 4100 405 4153 p.
428 4087 493 4136 448.
526 4081 615 4147 Quem
633 4081 681 4136 ubi
699 4084 774 4137 haud
794 4083 853 4138 sine
866 4083 946 4155 justu
965 4083 1059 4154 aliqua
1071 4083 1264 4157 indignatione
1281 4080 1333 4137 ten·

224 4179 296 4234 soris
315 4181 459 4253 cujusdam
478 4181 506 4235 in
527 4180 654 4236 Amicum
670 4182 896 4239 malevolentiam
911 4192 1111 4240 memorantem
1131 4187 1224 4257 video,
1245 4175 1333 4241 verissi-

224 4296 299 4333 mum
319 4298 363 4335 me
384 4282 489 4336 Poetae
509 4281 624 4352 dignum
645 4283 822 4338 consolatur:

467 4381 589 4434 Poscitur
609 4383 635 4435 io
654 4383 719 4436 eicis
737 4384 817 4448 livor,
833 4393 892 4453 post
903 4383 968 4452 sote
987 4385 1105 4454 quiescit.

259 4476 305 4548 (2)
324 4476 387 4533 Nisi
407 4479 513 4549 eadem,
535 4487 565 4536 at
585 4481 685 4537 similia
706 4483 748 4537 itte
768 4482 840 4537 dixit
859 4502 888 4556 p.
912 4489 958 4553 58,
979 4484 1020 4536 bic
1040 4502 1069 4556 p.
1093 4491 1139 4539 18.
