2782 4958
608 369 777 416 rrruotoers.
1193 357 1253 419 185

122 541 268 605 refutaret
287 539 490 616 llantium,
509 538 624 603 nullam
643 561 705 603 esse
728 560 814 623 posse
829 538 953 622 probare
968 544 1091 603 conatus
1107 546 1151 604 est
1166 541 1255 606 The-

122 656 338 734 reminius,
364 655 486 718 nomine
508 654 650 738 dignam,
675 651 857 736 templorum
885 650 1091 734 Eloquentiam
1115 655 1195 738 (nam
1218 656 1256 719 de

124 767 183 832 hio
205 769 393 853 potissimum
418 770 515 854 agit),
541 789 617 850 quae
639 789 701 831 non
724 768 841 830 sinceri
868 768 991 831 exsistat
1015 789 1052 831 ex
1065 770 1143 853 fiola,
1168 789 1258 851 quam

124 886 185 948 Deo
210 884 387 968 Christoque
411 882 516 948 habeat
541 885 662 959 Orator;
695 880 767 945 haee
788 902 859 944 vero
895 902 989 964 quum
1011 883 1106 947 uirtus
1133 883 1259 947 dicenda

125 999 165 1061 sit
189 999 273 1076 tides,
299 998 379 1062 idem
402 997 459 1061 hoo
481 998 605 1062 virtutis
626 1017 736 1060 nomen
755 1000 844 1078 atque
859 995 1002 1061 honorem
1017 999 1050 1060 in
1065 997 1149 1062 illius
1165 999 1258 1063 liliam

125 1112 287 1176 convenire
316 1112 536 1195 Eloquentiam.
585 1111 635 1174 sic
664 1109 734 1187 ille;
765 1111 818 1193 qui
845 1109 902 1174 sibi
926 1113 1119 1176 assentientes
1141 1114 1259 1177 invenit

126 1225 332 1304 Danzium,
358 1224 530 1289 Peltium
553 1223 684 1308 aliosque
707 1245 767 1287 non
798 1245 927 1308 paucos,
953 1215 996 1287 ¹in
1018 1224 1123 1289 multis
1157 1232 1187 1290 et
1221 1227 1258 1292 ab

127 1339 193 1422 ipso
216 1343 247 1402 et
270 1360 286 1400 a
308 1360 339 1402 se
361 1339 489 1402 invicem
514 1339 741 1414 dissentientes,
766 1337 947 1424 Theologos;
972 1339 1127 1422 cujusque,
1146 1340 1183 1404 de
1199 1363 1259 1424 quo

127 1454 263 1538 agimus,
296 1453 415 1517 libellus
443 1453 610 1517 laudatores
639 1454 747 1537 passim
769 1457 815 1516 est
837 1457 960 1528 nactus,
995 1455 1048 1535 qui
1078 1455 1115 1517 de
1141 1455 1260 1538 seriptis

127 1574 262 1631 recenter
283 1568 371 1631 editis
394 1567 472 1651 apud
497 1567 656 1630 Germanos
679 1566 856 1645 referebant,
877 1567 1017 1630 Censores
1041 1568 1102 1653 (1).
1129 1567 1260 1632 Pruden-

124 1691 168 1746 tes
192 1683 317 1765 quidem
340 1687 425 1746 erant
454 1682 531 1759 Viri,
563 1681 617 1763 qui
646 1678 859 1744 nobilissimam
894 1686 1007 1760 artem,
1042 1703 1130 1764 quam
1155 1682 1260 1764 inique

119 1852 275 1865 m·-

126 1953 185 1998 ato.
221 1948 297 1999 Unde
321 1950 471 2014 praecipuos
497 1949 614 2013 aliquos,
643 1949 686 2012 qui
712 1945 877 2011 Eloquentiam
903 1951 1033 2012 spectant,
1054 1948 1123 1998 loeos
1147 1949 1261 2012 reposuit

126 2040 324 2099 Clarissius,
342 2042 373 2092 ad
392 2041 531 2091 nuaram
549 2042 654 2092 librum:
681 2039 844 2105 Voorlaainqaa
856 2057 910 2091 ovar
928 2040 956 2089 da
968 2039 1044 2091 uitari.
1057 2038 1259 2105 Kouralwalspre·

127 2133 262 2197 tendum,-
279 2133 316 2184 ad.
333 2133 374 2184 alt.
392 2134 471 2184 Aruli.
494 2141 567 2196 1339,
586 2151 611 2200 p.
632 2141 662 2184 10
680 2151 735 2199 sqq.
769 2135 827 2185 Non
846 2143 898 2185 tum
916 2148 1002 2184 verum
1020 2134 1171 2183 Kantium
1189 2147 1260 2197 curp-

127 2228 189 2275 sisse
208 2225 390 2290 Eloquentiam,
409 2244 485 2292 quam
504 2229 619 2279 fallacem
637 2225 802 2292 sophistarum
820 2236 915 2287 artem,
934 2229 1040 2292 probare
1058 2232 1164 2276 conatur
1182 2224 1213 2276 G.
1232 2225 1261 2277 S.

126 2320 266 2369 Franke:
286 2319 311 2368 Τ
309 2320 365 2369 lael.
385 2320 516 2387 Eucqclop.
536 2321 596 2374 (Ali.
618 2321 701 2381 1819),
721 2337 744 2384 p.
765 2323 823 2381 671,
842 2322 869 2371 in
887 2328 973 2370 annot.
991 2320 1091 2370 Verum
1110 2334 1142 2369 ne
1161 2319 1191 2368 de
1206 2319 1264 2383 ipsi

127 2412 231 2476 quidem
249 2410 393 2476 Eloquentia
408 2415 483 2464 valde
506 2415 643 2464 honorifice
657 2415 786 2478 judicasse
808 2415 994 2479 Philosophum
1012 2413 1261 2476 Regiomontonam‚

126 2506 273 2556 luculenter
292 2521 322 2556 ea
340 2507 444 2570 docent,
468 2523 533 2573 quae
551 2508 648 2571 atejus
667 2523 699 2558 ex
716 2508 783 2558 libro
801 2507 886 2558 attulit
907 2514 933 2557 et
950 2507 1049 2557 monuit
1066 2505 1135 2555 iliius
1153 2505 1184 2555 de
1202 2519 1262 2554 sen·

127 2599 210 2647 teatio
228 2597 420 2651 Clarissius.
730 2598 732 2603 ’

161 2692 197 2751 (1)
215 2690 278 2740 Vid.
294 2690 322 2740 J.
335 2692 367 2741 T.
379 2692 411 2742 L.
425 2693 527 2752 Dana,
547 2693 647 2761 Euoycl
665 2711 689 2746 u.
705 2692 833 2745 Metlodol.
851 2693 894 2743 dar
911 2691 978 2743 tlaol.
993 2691 1135 2746 Wissausclr.
1155 2690 1263 2753 (Vimur.

130 2785 205 2844 18³2)
224 2800 250 2847 p.
269 2786 327 2834 317.
346 2789 410 2841 313;
435 2788 479 2836 ubi
504 2786 705 2850 pulcherrimum
731 2787 779 2836 hoo
805 2786 861 2850 ejus
884 2792 966 2838 exstat
993 2786 1100 2836 dictum:
1127 2781 1178 2834 »So
1195 2782 1263 2848 lonqa

127 2893 198 2925 namn
220 2875 258 2926 dia
277 2876 467 2929 Boradtsomlcait
490 2879 622 2944 uberhaupt
638 2879 687 2929 und
706 2879 744 2930 dia
766 2879 807 2930 das
824 2879 957 2945 qaa'stlicltan
975 2878 1085 2929 Raduars
1108 2875 1264 2927 ineoudarlait

126 2968 208 3018 »uiola
223 2985 270 3018 zur
287 2968 397 3034 Tugend
415 2972 499 3030 moult,
519 2972 582 3022 wird
598 2974 633 3021 sia
649 2972 709 3022 auoli
725 2988 771 3022 our
788 2973 838 3022 aina
854 2971 919 3021 maiar
933 2968 1215 3034 usitatiori-protusata,
1225 2967 1263 3018 au

126 3061 395 3127 oraliqir'is-prulctiacla
417 3063 592 3128 Wiasansulafl
608 3081 679 3130 aequ,
699 3064 748 3114 und
763 3064 827 3113 malr
840 3065 892 3127 uus
902 3061 1146 3121 Kauzal·Raduarai,
1164 3060 1202 3111 uls
1218 3060 1271 3125 aus

128 3154 226 3204 »watra
248 3155 368 3220 qaiatlicla
386 3155 576 3208 Baradtsumkait
594 3155 709 3208 abirkaul'
728 3185 759 3195 —
778 3155 832 3207 Nee
854 3158 937 3207 faeere
959 3169 1063 3220 possum
1081 3156 1156 3219 quin,
1174 3157 1263 3204 eodem

127 3250 267 3312 praeeunte
285 3250 428 3309 Donato,
447 3253 660 3315 sapientissimam
673 3252 715 3300 hio
726 3250 869 3300 adscribam
888 3247 1031 3298 Senecae
1049 3247 1180 3298 monitum.
1199 3245 1261 3306 Qui,

128 3339 213 3405 Epist.
229 3346 274 3391 75:
293 3342 381 3392 »Haec
398 3345 431 3392 sit
443 3344 562 3409 propositi
577 3344 653 3394 nostri
667 3340 783 3403 summu,”
797 3344 889 3407 inquit,
905 3340 983 3404 »quod
998 3340 1109 3389 sautiaruo
1126 3336 1246 3401 loquamur
1252 3356 1263 3400 ,·

128 3432 208 3496 »quod
220 3431 333 3496 loquimur
351 3435 485 3485 sentiamus.
520 3434 648 3486 Concordet
664 3451 739 3485 sermo
755 3451 807 3484 curn
823 3432 877 3483 uitri.
912 3432 960 3482 Illa
975 3433 1117 3498 promissum
1133 3448 1201 3481 suum
1215 3432 1263 3481 im-

128 3524 231 3589 optauit,
249 3525 290 3588 qui
298 3561 305 3585 ,
325 3533 347 3576 at
365 3543 415 3576 eum
432 3526 513 3576 videos
527 3526 590 3577 illum
610 3535 632 3577 at
648 3543 699 3577 cum
716 3526 814 3588 nudior,
834 3523 893 3575 idam
910 3524 971 3574 ast.''

162 3616 225 3666 Alia
244 3618 355 3681 judicia,
379 3619 584 3670 Ther‘eminii
609 3602 675 3670 libre
699 3620 857 3677 honorifica,
886 3620 995 3685 prodidit
1019 3619 1261 3679 Fuhrmannns‚

128 3709 145 3758 l.
165 3711 182 3760 l.
202 3709 263 3759 Vol.
278 3711 298 3759 1.
311 3727 335 3775 p.
354 3715 417 3770 5693
436 3712 479 3761 obi
497 3713 529 3762 ad
542 3712 622 3763 bonos
640 3713 787 3763 formandos
800 3712 920 3764 Oratores
938 3727 1022 3763 saeros
1039 3720 1115 3777 utque
1128 3712 1264 3787 Antistites

127 3802 249 3852 idoneum
272 3818 327 3853 esse
350 3806 471 3867 seriptum
499 3821 514 3854 a
541 3805 655 3869 pluribus
678 3811 804 3856 monetur.
824 3829 856 3842 ·-
875 3805 973 3854 Verum
996 3806 1093 3855 nemini
1112 3806 1192 3868 magis
1210 3806 1264 3870 plu·

127 3896 212 3944 ouieee
230 3896 330 3945 videtur
348 3898 494 3960 disputatio,
507 3912 584 3962 quam
600 3897 722 3958 Peltio,
736 3900 780 3962 qui
796 3898 949 3962 praeclarum
959 3906 1033 3950 vocat
1047 3913 1112 3959 eam,
1129 3899 1155 3947 in
1173 3912 1263 3964 opere:

128 3985 209 4036 Tlaol.
231 3987 332 4054 Eueyol.
348 3988 387 4038 ale
411 3988 595 4053 Wiesansclufl‚
613 4005 637 4054 p.
657 3996 721 4049 651,
739 3991 797 4040 coll.
815 4006 840 4054 p.
859 3996 916 4040 615.

162 4081 332 4145 Posteaquam
351 4082 446 4131 libelli:
465 4081 515 4131 Dia
536 4080 692 4133 Baradsunrlc.
710 4085 760 4134 aina
782 4083 897 4149 Tuqend,
912 4101 934 4134 a.
956 4087 1019 4134 1837
1038 4084 1118 4134 altera
1136 4084 1265 4148 prodierat

127 4174 219 4233 editio,
237 4188 293 4223 eam
305 4174 423 4224 universe
441 4176 513 4224 valde
525 4177 661 4226 laudarunt
672 4178 721 4227 hae
734 4175 921 4228 Germanorum
935 4176 1129 4240 Ephemeridosr
1149 4175 1264 4225 Rhein·

127 4265 238 4314 waldii
264 4263 355 4330 ullqam.
380 4264 476 4330 Rapere.
498 4265 541 4315 clar
563 4267 628 4317 tleol.
656 4268 730 4319 Wiss.
752 4272 784 4319 ad
811 4286 845 4320 m.
863 4270 998 4320 Decembr.
1025 4286 1048 4319 a.
1070 4271 1148 4327 1337,
1168 4285 1195 4333 p.
1217 4274 1264 4318 111

128 4371 199 4418 sqq.;
220 4384 251 4393 -·
269 4355 337 4420 Allq.
359 4356 428 4406 Hau,
450 4357 499 4408 tic.
521 4359 585 4409 Zau.
612 4367 689 4421 1833,
710 4361 755 4412 N0.
777 4365 822 4423 373
844 4390 872 4399 -
892 4359 998 4411 Journul
1007 4363 1060 4425 fiir
1078 4360 1213 4426 Pradiqar,
1232 4361 1265 4410 od

128 4463 161 4498 m.
182 4445 257 4497 Mart.
277 4457 303 4499 et
320 4449 385 4514 Apr.
407 4455 485 4512 1310,
505 4467 529 4516 p.
549 4458 598 4502 211
618 4469 673 4518 sqq.
