2782 4958
529 369 690 418 caessara.
1120 351 1180 414 137

35 538 151 618 ducta,
169 539 332 624 specimina
347 543 488 622 quantam
506 538 766 625 Proteuangelium
782 537 869 602 nobis
882 536 1005 622 objiciat
1017 537 1184 605 lectionum

39 657 291 740 discrepantiam,
316 676 350 719 ac
373 654 523 737 quomodo
546 656 579 719 in
601 657 636 718 et
657 654 821 739 judicandi
843 655 1064 718 recentissimus
1086 676 1184 718 versa·

41 775 99 834 tus
122 770 163 833 sit
186 769 302 853 Editor,
326 770 398 833 satis
419 768 589 833 luculenter
611 767 774 833 lectoribus
796 768 965 832 ostendent.
1014 767 1129 842 Quibus
1146 789 1185 832 ne

44 884 184 949 taedium
206 887 337 968 afferam,
362 881 456 948 multa
479 881 547 959 alia,
574 903 651 966 quac
674 881 749 946 mihi
771 882 924 946 tractanda
950 885 1097 963 notitam,
1114 904 1184 967 sup·

48 999 207 1084 primenda
240 1005 326 1083 puto.
374 1001 429 1063 Vix
459 998 521 1063 ulla
550 999 690 1063 novimus
720 996 800 1062 orbis
830 998 947 1081 antiqui
978 1003 1182 1077 monumenta,

51 1134 183 1196 quorum
204 1118 251 1178 tot
272 1112 345 1178 locis
368 1119 428 1178 tam
450 1112 541 1199 longe
564 1135 581 1176 a
603 1134 634 1176 se
657 1112 786 1176 invicem
810 1111 931 1176 Codices
952 1111 1092 1176 recedant
1112 1134 1182 1176 mss.

52 1226 162 1293 Multae
184 1229 245 1292 sint
268 1228 418 1292 canonicis
441 1229 473 1292 in
497 1226 680 1313 Euangelus,
698 1226 809 1291 multae
824 1205 856 1290 in
879 1227 918 1289 iis
935 1226 1093 1302 Ciceronis,
1112 1248 1187 1310 quae

52 1343 295 1426 frequentissimo
317 1341 504 1427 legebantur,
529 1340 681 1428 operibus,
706 1341 819 1406 multae
841 1340 913 1405 alibi
936 1341 1073 1405 lectionis
1095 1343 1188 1405 varie-

53 1461 139 1522 tates.
188 1457 226 1520 lt
247 1477 349 1520 earum
379 1454 470 1539 longe
500 1453 657 1538 pleraeque
686 1453 797 1518 leviora
819 1451 916 1517 solum
939 1454 1107 1538 attingunt,
1132 1475 1188 1517 nec

53 1574 116 1632 tam
139 1567 254 1646 crebro,
280 1591 369 1652 quam
392 1567 453 1644 hlc,
478 1568 557 1652 ipsas
579 1568 744 1631 Auctorum
761 1567 897 1631 afficiunt
914 1572 1004 1650 atque
1028 1568 1192 1632 immutant¹

52 1684 223 1748 sententias.
271 1685 303 1746 ln
333 1681 600 1766 Protereapetirrm,
634 1687 776 1765 tanquam
805 1681 841 1745 ia
863 1704 923 1746 rere
945 1683 1073 1764 rrrrttirra,
1101 1683 1188 1747 invo-

53 1796 130 1862 ltsse
153 1797 248 1861 videri
270 1796 385 1881 possint
406 1795 533 1872 librarii,
559 1793 707 1879 illudque,
724 1816 853 1859 vacuum
870 1799 905 1858 ut
921 1816 1027 1881 agrum
1042 1795 1185 1881 aliquem,

55 1911 114 1978 sihi
137 1911 322 1989 vindictsse,
349 1932 409 1995 quo
431 1910 561 1986 inferre,
586 1909 668 1974 unde
691 1909 826 1986 auferre,
858 1907 932 1983 ubi,
958 1930 1032 1992 quae
1056 1909 1187 1992 vellent,

56 2032 186 2103 mutare,
212 2029 360 2112 trajicere,
386 2023 568 2090 confundere
591 2046 646 2110 pro
668 2046 722 2088 suo
745 2022 892 2108 cujusque
907 2023 1011 2088 liceret
1031 2022 1187 2089 arbitratu.

57 2140 129 2206 Mihi
154 2150 235 2206 certe
258 2140 307 2204 hle
329 2162 391 2204 non
414 2162 482 2205 raro
504 2161 562 2204 usu
585 2140 680 2215 venit,
705 2144 753 2219 ut,
777 2137 830 2203 uhi
854 2160 891 2202 ex
912 2138 1034 2203 testium
1058 2137 1192 2202 dissensu

59 2278 93 2320 ac
116 2256 315 2341 discrepantia
339 2276 438 2320 veram
461 2276 496 2319 ac
519 2259 627 2319 certam
652 2253 788 2318 Auctoris
811 2274 933 2317 manum
947 2254 999 2318 vix
1021 2257 1074 2316 aut
1088 2274 1126 2315 ne
1141 2253 1193 2317 vix

59 2370 183 2452 quidem
213 2369 358 2454 expiscari
387 2390 522 2453 possem,
549 2368 622 2432 haec
651 2389 767 2432 mecum
801 2368 947 2431 dicerem:
981 2368 1068 2431 »Deo
1095 2367 1194 2450 queti⁸

58 2491 126 2548 »eet
149 2485 283 2548 heberario
298 2485 411 2567 pretia,
435 2485 498 2568 qui,
523 2491 632 2569 querito
654 2485 791 2567 mojorem
813 2482 898 2546 cobis
919 2481 1083 2545 utilitatem
1107 2504 1191 2545 ceno·

59 2599 152 2663 »aba
174 2600 326 2675 debererit,
352 2620 437 2682 quam
459 2598 624 2682 epomppta
646 2596 827 2678 Errarepetia,
859 2601 943 2658 terito
970 2594 1105 2658 certiores
1120 2597 1162 2672 ,et
1177 2630 1192 2642 -

59 2735 202 2798 »rumque
229 2711 487 2778 terminorum
519 2711 678 2776 recitentur
704 2709 850 2774 curaverit
876 2716 1044 2793 erpumerito
1071 2729 1106 2772 uc
1131 2716 1196 2772 serr&

67 2826 235 2893 aterrtiia!”
709 2837 710 2840 ’

110 3274 259 3351 Quoniam
282 3273 320 3336 de
342 3273 517 3358 multiplici,
543 3276 603 3356 qut
626 3272 702 3337 liber
725 3271 850 3348 laborat,
869 3270 1034 3335 lectionum
1056 3274 1198 3338 varietate

64 3413 161 3479 pauca
182 3412 219 3455 ex
243 3388 348 3453 multis
370 3389 553 3468 monuimus,
587 3408 625 3451 ne
655 3388 688 3450 in
710 3386 856 3450 exteriore
878 3384 944 3469 ejus
966 3383 1061 3450 veluti
1087 3388 1198 3452 cortice

66 3508 139 3572 haec
162 3505 280 3570 haereat
309 3502 427 3579 relatio,
460 3503 497 3566 de
528 3503 669 3565 universi
699 3501 801 3586 scripti
833 3500 947 3564 ratione
978 3505 1066 3583 atque
1096 3502 1198 3566 indole

65 3645 127 3687 non
151 3620 234 3685 nulla
256 3618 402 3703 subjicere
421 3617 516 3702 juvat.
564 3618 645 3691 Quae
668 3618 781 3681 recenti
804 3638 874 3681 cum
896 3617 1028 3680 editione
1052 3619 1199 3682 siminus

67 3738 229 3822 conjuncta
250 3740 333 3819 sunt,
359 3740 438 3799 certe
461 3756 477 3799 a
500 3733 649 3818 plerisque
673 3732 739 3796 aliis
761 3754 823 3796 non
846 3731 941 3796 aliena
955 3737 1043 3796 amnt
1057 3736 1195 3819 Euangg.

66 3850 254 3936 apocryphis.
302 3850 352 3913 llis
374 3850 468 3930 enim,
492 3848 572 3931 quod
597 3869 686 3932 supra
715 3853 886 3912 monentem
913 3846 1081 3911 audivimus
1112 3850 1203 3911 Luc·

66 3967 193 4041 kium,
217 3965 352 4050 germani
374 3963 544 4045 veracisque
568 3961 724 4047 Euangelii
752 3961 911 4026 simulacra
937 3961 1080 4044 quaedam
1106 3964 1201 4025 conti·

66 4087 180 4146 nentur
203 4085 291 4162 atque
315 4077 448 4143 umbrae.
497 4079 593 4160 Atque
624 4076 680 4140 hoc
710 4076 809 4161 ipsum
832 4078 874 4140 ita
897 4081 1033 4140 nostrum
1061 4076 1202 4140 convenit

67 4198 101 4261 in
126 4197 367 4281 Pserrdojecedrrm
389 4199 436 4276 ut,
456 4193 536 4257 huno
556 4194 581 4256 si
597 4197 720 4277 spectas.
743 4191 960 4274 quodammodo
977 4192 1073 4255 dicere
1089 4192 1200 4274 possis:

69 4311 119 4374 Ea
144 4333 202 4374 arro
224 4310 302 4374 dirce
320 4331 424 4373 orares.
473 4309 573 4390 Neque
596 4307 676 4371 enim
699 4305 763 4374 ulld
787 4307 880 4392 magis
897 4306 1052 4370 manifestat
1072 4305 1204 4369 cernitur

68 4427 153 4501 noth,
180 4446 268 4507 quam
291 4429 435 4508 perpetuo
459 4422 599 4505 quodam,
625 4421 737 4505 ubiquc
760 4445 791 4486 se
814 4421 978 4506 prodente,
1010 4442 1108 4485 sueres
1136 4420 1204 4482 imi·
