2828 4950
567 349 606 389 nn
632 348 687 391 uae
712 349 875 389 oocrnrua.
933 374 938 383 .
1220 328 1281 389 181

149 520 238 585 allata
269 519 333 603 ejus
364 519 463 594 dieta,
494 526 524 581 et
553 541 629 603 quae·
659 521 783 582 incunte
806 523 909 581 monet
931 520 968 582 de
993 518 1121 581 Naturd
1144 518 1282 582 Deorum

149 632 245 697 Libro
267 633 376 717 primo.
414 631 491 710 Ubi,
514 640 670 718 postquam
690 636 904 717 perobscurum
928 639 1174 708 vocaveratea1n‚
1193 655 1281 716 quam

148 752 334 813 tractaturus
357 754 435 823 erat,
468 751 688 835 quaestionem,
719 749 755 811 ad
779 748 855 812 lianc
878 750 971 832 ipsam
996 749 1181 831 respiciens,
1204 771 1281 831 pru·

148 866 253 929 denter
277 863 476 927 Academicos
499 886 519 926 a
542 864 630 927 rebus
653 866 776 927 incertis
802 866 1001 928 assensionem
1025 864 1186 927 cohibuisse
1209 884 1278 946 pro·

148 978 263 1041 fitetur.
313 976 362 1043 Ab
392 976 448 1040 hac
480 977 581 1057 enim,
606 1000 693 1061 qnam
724 979 889 1043 honorilice
912 988 1009 1050 vocat,
1036 978 1196 1061 prudentiis
1220 999 1280 1040 non

146 1091 278 1157 alienum
302 1113 369 1155 eum
393 1093 485 1155 inisse
507 1094 606 1176 ipsum
629 1096 701 1156 satis
721 1101 853 1179 apparet.
886 1092 1068 1176 Plerumque
1092 1099 1190 1155 tamen
1214 1092 1279 1175 cjtrs

146 1208 179 1271 in
203 1214 342 1291 pectore,
375 1207 412 1271 ad
439 1229 582 1271 sensuum
612 1210 754 1293 pietatem
785 1232 818 1273 ae
853 1208 1067 1274 sublimitatem
1096 1206 1280 1269 conformato

146 1321 219 1396 illo.
245 1323 350 1386 melior
372 1345 407 1385 ea
436 1321 626 1407 praevalebat
658 1346 742 1387 mens
765 1325 911 1400 stratio,
936 1343 1012 1407 quae
1036 1322 1214 1388 Academiae
1237 1322 1279 1385 f·

146 1435 247 1500 liciter
266 1459 298 1500 se
321 1438 475 1522 expediret
496 1438 611 1522 laqueis
634 1440 833 1524 argutiisque.
883 1442 930 1503 Ae
952 1459 1033 1501 nune
1056 1437 1163 1521 igitur,
1186 1457 1278 1520 qnan-

145 1556 251 1634 topere
274 1551 309 1614 ed
334 1553 490 1615 veritatem
520 1575 666 1637 propensa
690 1559 769 1616 esset
792 1575 826 1616 ec
849 1574 937 1636 quam
966 1574 1103 1637 magnam
1128 1573 1143 1613 a
1167 1550 1276 1635 proba·

145 1663 263 1728 bilitate
286 1668 573 1730 commendationem
606 1666 729 1732 haberet
757 1668 966 1732 Socratica
993 1667 1030 1729 de
1055 1665 1143 1730 rebus
1166 1666 1277 1729 divinis

146 1779 301 1855 doctrina,
334 1786 395 1843 tam
424 1781 501 1843 elate
532 1780 748 1865 perspiciebat,
783 1787 837 1858 ut,
871 1806 890 1844 a
917 1779 1147 1865 pulchritudine
1170 1780 1277 1843 mundi

145 1915 306 1981 rerumque
322 1894 488 1959 coelestium
512 1897 620 1960 ordine
638 1896 818 1973 admonitus,
839 1918 898 1959 esse
914 1903 1119 1979 praestantem
1139 1893 1277 1980 aliquam

144 2018 357 2095 aeternamque
381 2008 538 2073 Naturam
560 2009 655 2094 pelam
675 2011 878 2094 profiteretur,
897 2008 1120 2092 suspiciendam
1140 2029 1207 2068 eam
1227 2006 1275 2068 leo·

144 2125 320 2210 mitiumque
344 2129 449 2208 peracri
471 2127 691 2190 admirandam
716 2125 773 2207 (ll.

190 2239 239 2303 De
258 2242 431 2323 praestanti
455 2245 555 2304 antem
579 2240 636 2303 lac
661 2242 855 2323 aeterneque,
871 2260 960 2322 quem
983 2239 1032 2321 pio
1049 2236 1133 2299 cultu
1158 2256 1275 2299 venera·

143 2353 254 2433 batur,
278 2354 424 2430 Natant,
450 2357 631 2419 Socratis
654 2354 805 2438 exemplo,
829 2355 871 2415 ita
894 2353 1033 2415 statuisse
1057 2351 1194 2425 videtur,
1220 2357 1272 2427 ut,

142 2470 281 2552 quamvis
305 2469 414 2534 multos
438 2492 500 2532 esse
525 2471 606 2533 Deos
628 2470 784 2532 inferiores
808 2472 946 2552 putaret,
980 2488 1074 2529 unum
1098 2470 1197 2527 tamen
1221 2487 1273 2548 ag·

141 2589 299 2659 nosceret,
334 2585 468 2647 omnium
500 2606 598 2648 rerum
631 2589 863 2666 naturarumque
885 2582 1069 2665 principem,
1093 2580 1195 2643 Derim
1223 2602 1271 2641 su-

140 2720 292 2782 premum.
340 2698 388 2763 Ab
420 2699 476 2763 hoc
498 2700 564 2783 ipso
595 2701 673 2762 cnim
698 2699 766 2762 Deo
789 2719 930 2781 supremo
951 2696 1116 2780 praeclaret
1139 2696 1273 2779 quddam

142 2816 310 2879 conditione
340 2827 516 2900 peneratnm
547 2837 606 2879 esse
637 2816 787 2879 leontinum
815 2814 923 2875 diserte
947 2811 1072 2872 affirmet
1096 2831 1129 2871 ne
1152 2808 1273 2892 profite-

139 2942 191 2993 tur
216 2930 273 3013 (2).
324 2930 433 3013 Neque
457 2932 537 2992 enim
561 2929 683 2993 dubiem
708 2927 831 2992 reddere
856 2948 912 2989 nec
939 2927 1083 2987 incertam
1109 2923 1184 2986 lianc
1207 2923 1272 3005 ejus

174 3130 214 3191 (l)
234 3132 327 3180 Iterum
347 3134 396 3182 vid.
414 3149 491 3198 snpra
508 3135 625 3182 laudatus
644 3133 724 3187 locus,
744 3130 771 3178 de
790 3130 873 3178 Dicin.
895 3128 928 3177 11.
950 3132 987 3176 72.

174 3226 216 3285 (2)
235 3225 274 3275 De
291 3225 366 3291 Lepp.
385 3228 440 3275 Lib.
459 3226 481 3275 I.
502 3226 564 3291 Cap.
584 3231 608 3273 7.

173 3318 268 3369 Utrum
285 3336 354 3369 unum
373 3336 426 3370 esse
444 3322 528 3371 Deum
547 3321 680 3371 crediderit
697 3318 825 3375 Cicero,
849 3330 897 3364 nee
914 3330 955 3373 ne,
977 3317 1003 3361 in
1022 3318 1269 3374 utramquepartem

138 3414 300 3477 disputirnnt
322 3412 381 3461 Viri
397 3414 476 3469 docti;
500 3411 677 3475 affirnrantibus
700 3412 770 3468 aliis,
795 3409 873 3458 veluti
895 3405 1101 3459 Cudwortlro‚
1120 3404 1146 3451 in
1167 3401 1269 3466 Syseent.

138 3503 252 3554 Intellrrt.
270 3521 295 3570 p.
315 3511 374 3561 6693
395 3506 661 3563 Zimmermnnno,
682 3507 707 3552 in
725 3504 786 3553 diss.
805 3501 833 3550 de
853 3497 978 3562 Tricolopiei
995 3495 1156 3554 Ciceronum,
1168 3494 1269 3558 Opcsca.

139 3596 171 3647 T.
191 3600 226 3647 11.
243 3615 268 3662 p.
288 3605 365 3654 11123
389 3615 446 3648 vnn
465 3598 589 3648 Wesele
607 3598 771 3657 Scholten‚
795 3598 812 3645 l.
835 3597 852 3645 1.
869 3612 895 3659 p.
915 3601 959 3647 41:
985 3620 1014 3630 ·-
1040 3594 1176 3657 nepentibns
1199 3593 1269 3647 aliis,

138 3691 166 3738 in
186 3692 277 3753 quibus
295 3691 491 3742 Moshemins
510 3700 557 3750 est,
575 3694 607 3741 sd
625 3687 812 3740 Cudworthi
829 3690 849 3738 l.
868 3691 885 3739 l.
904 3715 935 3724 -
959 3688 1023 3736 blilri
1041 3688 1081 3735 hic
1099 3700 1199 3748 quoqne
1218 3683 1270 3734 So·

137 3785 239 3832 cratis
255 3787 428 3835 anctoritatem
447 3792 546 3834 secutus
565 3800 619 3833 esse
638 3785 745 3839 videtur,
765 3799 823 3832 curn
841 3781 999 3847 Polptieismo
1017 3783 1051 3829 ita
1077 3777 1269 3827 lionotleismum

138 3874 331 3938 conjungentis,
359 3886 387 3926 nt
407 3879 493 3942 plnres
517 3879 616 3941 quidem
643 3877 713 3926 Deos
738 3892 792 3925 esse
817 3878 983 3932 existimaret,
1009 3876 1051 3922 sed
1076 3874 1118 3935 qni
1136 3872 1177 3920 uni
1193 3872 1269 3920 alieni

138 3966 245 4029 subjecti
262 3978 346 4018 essent
363 3982 438 4034 etque
456 3971 585 4018 obedirent
597 3970 649 4018 Deo
662 3985 777 4032 supremo.
808 3968 878 4028 Quae
897 3968 1020 4016 sententia
1037 3975 1062 4013 et
1079 3967 1104 4012 in
1124 3964 1269 4012 Platonis

137 4058 200 4107 locis
220 4063 349 4111 nonnullis
366 4064 520 4128 praesidinm
538 4064 621 4119 hebet,
642 4070 666 4111 et
684 4060 908 4125 Xenophontis
927 4061 951 4107 in
977 4057 1125 4106 ,lionae-abb.
1144 4056 1199 4105 Lib.
1217 4055 1268 4103 IV.

138 4150 202 4216 Cap.
224 4155 279 4217 3.§
304 4162 346 4211 l3;
372 4158 414 4206 ubi
437 4158 542 4207 coeteris
562 4172 577 4205 a
595 4156 665 4211 Diis,
685 4155 805 4205 beneficia
822 4155 894 4203 nobis
917 4152 1127 4215 impertientibus,
1155 4149 1269 4196 omnium

137 4259 284 4309 supremum
303 4249 437 4314 illum‚qni
456 4250 603 4299 teniversnm
621 4249 719 4298 ordinet
736 4248 922 4309 continentque,
937 4244 1020 4294 Deum
1033 4245 1124 4292 diserte
1138 4241 1269 4302 distinguit

137 4336 301 4391 Socrates.
338 4343 446 4402 Confer,
472 4348 515 4407 qni
540 4345 610 4393 nobis
636 4343 784 4401 assentitur,
809 4338 979 4403 liragiurn,
1001 4336 1085 4386 Gescle.
1111 4335 1153 4383 ‹lcr
1177 4331 1266 4383 Ple'los.

137 4430 198 4482 alter
216 4434 280 4497 Zeit,
300 4453 325 4502 p.
349 4444 402 4487 165.
