2782 4958
560 376 600 420 ou
622 377 817 421 aorannnsto.
1212 360 1251 423 ll

119 555 230 616 tamen
255 538 452 639 eodemque,
477 538 563 613 unde
583 555 703 614 cuncta
725 541 846 640 pariter
867 541 1013 639 prolecta
1031 554 1123 629 suot,
1153 541 1251 613 animi

120 689 220 738 sensu
248 666 295 736 sic
331 663 505 760 conjunctu
539 679 711 760 apparent,
749 679 785 736 ut
814 664 992 736 Auctorem
1017 679 1172 761 arguant,
1203 665 1258 737 cui

121 788 231 860 Patria
262 789 400 885 ejusque
435 810 536 884 quum
564 786 698 885 politico
731 787 871 875 bonore,
907 801 975 859 tum
1008 785 1149 859 litterato
1175 785 1256 858 nihil

122 909 233 982 carius
259 921 360 994 esset,
388 906 467 977 nibil
493 905 669 1005 antiquius.

173 1033 245 1104 Tali
272 1032 372 1129 igitur
398 1056 436 1103 ac
464 1044 529 1102 tam
556 1030 716 1103 constanti
738 1031 873 1103 caritate
898 1056 1000 1130 quum
1023 1046 1140 1104 terram
1166 1057 1259 1105 com-

125 1155 344 1254 plecteretur,
373 1152 438 1226 ubi
456 1167 553 1227 natus
578 1168 648 1226 erat
671 1168 704 1227 et
731 1153 906 1240 educatus,
933 1179 1040 1254 neque
1068 1154 1098 1227 in
1124 1161 1163 1228 ea
1188 1155 1261 1254 ipsa

126 1277 305 1377 quicquam
333 1290 502 1374 tantopere
528 1276 690 1374 diligeret,
713 1303 811 1376 quam
839 1304 929 1367 eam,
951 1303 1037 1377 quae
1062 1278 1107 1350 ibi
1133 1279 1261 1351 instau-

126 1412 198 1472 rata
225 1397 384 1485 florebat,
410 1399 606 1488 Ecclesiam,
633 1400 674 1471 ad
700 1398 799 1497 bujus
823 1401 890 1473 lata
915 1399 1108 1499 inquirenda
1134 1427 1172 1474 ac
1197 1400 1259 1475 de-

126 1525 301 1600 scribenda
318 1539 350 1598 et
368 1536 485 1622 sponte
501 1546 536 1594 se
553 1520 697 1594 delatum
716 1522 876 1594 sentiebat
894 1535 927 1594 ct
942 1522 974 1594 in
993 1523 1106 1620 paucis
1123 1521 1261 1597 idoneus

127 1664 198 1724 erat
224 1649 404 1723 habendus.
457 1647 509 1719 Ad
534 1646 632 1744 bujus
655 1646 739 1719 enim
765 1647 856 1744 pensi
882 1661 1015 1720 strenue
1037 1646 1262 1746 suscipiendas

125 1772 292 1846 molestias
318 1769 559 1868 vincendasque
580 1769 705 1842 naviter
734 1767 942 1841 difficultates
964 1794 1061 1868 quam
1085 1769 1262 1843 efficaciter

126 1922 202 1971 cum
227 1894 392 1993 impellere
416 1892 557 1966 debebat
577 1918 616 1966 ac
636 1891 804 1965 stimulare
818 1891 938 1964 Christi
956 1917 1031 1965 cum
1051 1918 1161 1966 amore
1180 1919 1263 1967 con-

126 2022 262 2118 junctus
286 2019 420 2091 Patriae
445 2019 551 2089 amor!

176 2267 238 2341 His
264 2266 363 2364 igitur
390 2264 591 2364 praemissis,
614 2288 712 2363 quam
740 2264 842 2337 multa
862 2266 926 2337 sint
951 2278 984 2337 et
1008 2288 1107 2364 quam
1133 2263 1261 2338 diversa

130 2389 309 2478 videamus,
327 2412 412 2487 quac
436 2413 554 2486 operae
582 2387 667 2460 illius
693 2412 731 2459 ao
752 2413 851 2460 curae
870 2387 1123 2460 Nederlondicoe
1147 2387 1263 2486 singu-

131 2514 220 2588 latim
245 2513 362 2586 debeat
381 2514 543 2586 Ecclesiae
559 2512 711 2585 Historia.
738 2512 802 2583 Ubi
820 2536 839 2583 a
857 2510 1053 2598 minoribus,
1074 2537 1134 2584 nec
1152 2525 1261 2584 tamen

130 2636 260 2709 levibus
290 2635 371 2722 illis,
403 2636 524 2725 exorsi,
550 2636 583 2706 in
612 2633 810 2732 gravissimis
836 2637 922 2732 ojus,
950 2659 1035 2733 quae
1062 2634 1128 2707 buc
1157 2634 1260 2732 pcrti-

130 2772 217 2848 nent,
244 2759 401 2858 operibus
423 2757 642 2832 memorandis
662 2756 856 2831 desinemus.
884 2758 1028 2831 Primum
1047 2756 1147 2856 igitur
1166 2756 1261 2831 binae

130 2883 161 2955 in
185 2907 322 2955 censum
348 2882 443 2954 nobis
466 2882 601 2955 veniunt
626 2882 779 2953 orationes
800 2882 1003 2955 academicae.
1044 2883 1192 2967 Quarum
1212 2882 1262 2954 al-

130 3018 220 3091 tera,
248 3031 276 3078 a.
307 3008 401 3076 ⁴835
428 3004 555 3092 habita,
582 3028 667 3103 quae
693 3004 818 3077 civilem
844 3007 940 3078 etiam
966 3008 1127 3103 Majorum
1154 3005 1260 3079 bisto-

130 3127 210 3199 riam
238 3127 383 3224 attingit,
409 3127 447 3198 de
472 3129 669 3200 Proaoorum
694 3142 867 3199 nostrorum
889 3131 1006 3225 pretate
1030 3128 1111 3225 agit,
1137 3131 1172 3200 in
1192 3155 1261 3201 con·

130 3249 237 3323 dendd
254 3250 429 3348 tuendique
446 3249 554 3348 Belpii
566 3250 732 3323 Foederati
746 3249 916 3347 Republica
934 3251 1109 3347 conspicari.
1136 3251 1259 3337 Altera,

131 3370 317 3471 quindecim
339 3373 432 3445 annis
451 3387 524 3472 post
548 3373 678 3459 habita,
705 3373 761 3446 ubi
782 3371 978 3470 Academiae
1004 3373 1169 3470 rogandae
1190 3398 1261 3446 mu-

132 3521 210 3569 nere
232 3495 349 3567 iterum
383 3522 419 3569 se
454 3495 643 3584 abdicabat,
679 3495 717 3567 de
750 3495 1014 3586 commutationis,
1042 3520 1136 3593 quam
1167 3496 1262 3568 subiit

137 3619 306 3717 Theolopio
329 3620 429 3692 seculo
449 3621 503 3692 hoc
524 3623 621 3710 XlX,
646 3622 701 3692 oto
721 3646 758 3693 ao
775 3621 896 3693 ratione
918 3619 1050 3718 exponit
1073 3620 1084 3693 l
1090 3621 1133 3719 l).
1185 3621 1262 3693 Pos-

141 3801 283 3812 -u—

168 3922 216 3993 (1)
237 3921 332 3986 Prior,
352 3937 423 3992 quac
444 3920 470 3975 in
490 3921 597 3975 Annali.
618 3926 711 3975 exstat
731 3921 1260 3995 ascititiam-Traia.1884-1835,

133 4019 342 4075 annotationem
360 4020 519 4090 adjunctam
533 4019 616 4074 babet
633 4020 801 4074 historicam.
832 4020 898 4076 Non
917 4022 982 4076 item
998 4026 1132 4093 posterior,
1145 4042 1217 4097 quae
1232 4026 1262 4080 in

133 4119 240 4174 Anaoh
259 4119 413 4172 acaderaicio
431 4135 458 4173 a.
482 4124 666 4174 1849-1850
687 4120 734 4190 (L.
753 4121 789 4174 B.
806 4123 902 4192 1854),
919 4140 948 4193 p.
970 4128 1003 4175 tt
1019 4140 1081 4194 sqq.
1101 4123 1176 4177 edita
1188 4141 1262 4178 com·

131 4226 222 4290 paret.
241 4246 278 4260 ·-
299 4217 426 4272 Priorem
447 4217 522 4271 illam
543 4220 574 4272 de
592 4219 752 4273 Proavorum
769 4229 910 4274 mosomum
927 4221 1022 4291 pietate
1039 4222 1194 4278 orationem
1214 4222 1263 4294 qui

132 4315 287 4371 accuratius
301 4332 469 4387 cognoscere
484 4315 573 4384 volet,
591 4316 672 4371 valde
686 4318 864 4374 honorificam
881 4321 915 4375 de
934 4320 982 4375 itta
994 4320 1157 4377 relationem
1174 4322 1261 4394 legat,

131 4414 272 4485 proditam
290 4415 319 4468 in
339 4414 455 4469 Diario:
482 4415 548 4470 Vari.
569 4416 711 4486 hetteroeff.
735 4422 818 4472 1836.
842 4424 867 4471 1.
888 4436 918 4490 p.
938 4423 990 4474 118
1010 4437 1053 4492 sq.
1088 4419 1263 4493 Quamquam

131 4514 166 4569 ab
187 4519 242 4570 una
262 4513 405 4586 altariaque
425 4513 491 4570 mibi
505 4513 723 4572 dissentiendum
738 4515 848 4574 videtur
865 4516 995 4576 Censoris
1011 4519 1263 4579 animadversione.
