2782 4958
601 341 765 386 consonae.
1207 328 1249 392 41
1309 388 1312 398 ,

123 529 186 573 snm
210 509 298 593 uenit
317 508 482 594 disputatio
505 511 543 575 dc
559 508 793 598 Hierosolymoe
808 512 882 578 arbe
897 535 935 578 ac
949 513 1059 600 templo
1075 516 1164 601 quate
1180 527 1251 584 ante

122 623 224 687 racilii
246 633 364 706 tempas
375 621 441 706 fuit
457 631 626 707 utrumque.
668 624 768 697 Quam
787 626 1039 710 disputationem,
1054 631 1150 693 ternis
1168 630 1251 696 illus·
1306 698 1311 707 ,

122 743 228 802 tratam
243 737 355 801 tabulis
370 736 612 822 lithographicis,
634 739 660 802 si
681 760 771 824 opus,
797 741 877 825 qnod
892 762 975 805 nnnc
996 741 1161 820 concludit,
1184 766 1252 829 upe-

122 855 214 931 riret,
238 851 322 917 illius
344 860 515 941 πρόσωπον
539 854 700 941 τηλαυγὲς
724 853 836 918 dicturi
859 855 1032 920 fuissemus.
1081 857 1173 936 Nam,
1196 861 1252 923 etsi

122 989 159 1032 ne
182 968 234 1032 hlc
257 968 379 1052 quidem
408 967 510 1031 omnia
532 968 644 1052 pariter
674 967 826 1051 probanda
848 975 940 1054 puto,
965 972 1252 1055 praestantissimam

122 1088 221 1146 tamen
244 1080 322 1145 hano
344 1082 443 1165 operis
465 1086 580 1166 partem
604 1081 704 1144 dicere
727 1103 787 1146 non
805 1104 921 1149 vereor.
963 1083 1034 1156 Qua
1053 1091 1254 1153 commentata

123 1219 155 1262 ao
179 1198 353 1281 depromta,
381 1201 444 1260 tam
467 1194 543 1260 bene
567 1197 604 1260 de
631 1195 831 1283 Geoqroptiat
852 1220 888 1263 aa
916 1199 1135 1286 Topopraplrid
1164 1205 1254 1268 saera

123 1312 268 1375 meruisse
291 1309 411 1374 videtur
433 1310 599 1394 Interpres,
627 1317 672 1390 ut,
698 1313 906 1399 qualecunque
928 1315 1048 1382 tandem
1073 1316 1109 1380 de
1129 1319 1254 1382 caeteris

125 1425 195 1491 libri
218 1422 366 1510 partibus,
383 1445 439 1509 pro
461 1429 551 1510 captu
562 1425 721 1505 lectorum,
740 1428 854 1492 lerator
873 1429 1042 1513 judicium,
1065 1429 1156 1516 hujus
1173 1439 1254 1497 certe

126 1541 314 1606 doctissimae
336 1541 509 1626 appendicis
531 1543 637 1604 caussa
659 1540 695 1604 de
717 1541 771 1606 illo
794 1542 875 1606 edito
901 1543 1072 1609 laetandum
1095 1547 1147 1609 sit.
1173 1546 1254 1612 Nam

125 1656 188 1741 ipse
213 1657 303 1719 etiam
327 1654 545 1733 Enaldins,
572 1655 659 1740 cujus
679 1661 790 1740 quanta
814 1658 855 1722 sit
872 1659 906 1721 in
930 1657 1118 1724 Thenium
1142 1661 1255 1745 iniqui·

128 1777 170 1836 tas
193 1776 284 1855 atque
307 1769 454 1835 acerbitas
476 1770 576 1834 omnia
599 1771 727 1848 docent,
759 1769 932 1856 hujusmodi
956 1774 987 1837 in
1011 1772 1101 1838 rebus
1122 1775 1255 1841 laudabi-

128 1885 196 1950 liter
218 1906 288 1950 enm
311 1906 346 1948 ac
368 1883 531 1970 diligenter
552 1890 702 1950 versatum
722 1907 861 1951 essenon
877 1888 965 1952 fateri
984 1909 1044 1953 non
1060 1891 1171 1975 potuit.
1203 1889 1257 1955 Me

129 2020 197 2065 aero
219 1998 247 2063 si
269 2000 348 2075 forte
379 2004 501 2064 auctore
530 2000 578 2063 uti
600 1999 695 2064 velint
725 2000 869 2082 lectores;
903 2001 1059 2084 equidem,
1090 2003 1144 2067 uti
1162 2004 1257 2089 plura

132 2119 240 2192 nitent,
273 2137 312 2179 ne
339 2117 467 2181 craculis
494 2116 691 2201 offendantur
717 2115 844 2197 suadeo,
873 2136 947 2200 quas
969 2114 1109 2181 &culum
1139 2115 1254 2198 illevit,

135 2231 218 2314 cujus
241 2231 326 2295 vitiis
349 2233 446 2316 magis
470 2232 639 2318 magisque,
655 2231 736 2316 quod
751 2249 922 2316 speramus,
941 2230 1107 2292 immunem
1125 2250 1157 2292 se
1172 2251 1258 2314 prae·
1366 2299 1369 2306 ,

135 2342 233 2422 stabit,
259 2365 277 2407 a
299 2344 438 2409 doctrind
457 2347 519 2431 jam
542 2368 623 2412 nunc
641 2347 864 2431 paratissimus,
883 2343 1110 2425 hirjaoraram
1127 2345 1258 2410 Littera·

136 2475 196 2521 rum
220 2458 385 2544 Interpres.

275 3571 518 3641 Commentarios
540 3576 574 3638 in
597 3575 674 3642 Joti
695 3574 825 3649 librum,
856 3584 977 3640 auctore
999 3575 1088 3641 Lud.
1113 3573 1261 3649 Hirnel,

316 3702 497 3757 retractante
525 3690 547 3756 J
555 3696 646 3756 usto
674 3689 908 3775 Olshausen.

180 3942 255 4007 Tam
279 3941 332 4008 din
354 3943 497 4008 Thenii
527 3966 582 4008 nos
613 3944 745 4010 detinuit
767 3964 863 4027 opus,
894 3947 930 4007 ut
965 3942 1002 4006 de
1033 3939 1267 4005 Hirzeliano

141 4052 194 4121 hoc
223 4060 384 4143 pauciora,
415 4080 503 4144 quam
533 4058 741 4138 volueramus,
774 4058 874 4122 dicere
898 4057 1057 4140 possimus.
1105 4053 1173 4119 Nec
1196 4072 1268 4116 vero

141 4172 241 4237 multis
271 4195 347 4258 opus
370 4178 416 4238 est
438 4175 470 4239 in
493 4172 589 4252 libro,
623 4174 709 4257 cujus
740 4173 823 4257 prior
846 4170 960 4246 editio,
993 4175 1063 4233 ante
1090 4166 1144 4231 hos
1167 4166 1268 4250 plures

137 4282 195 4366 jam
219 4307 314 4350 annos
337 4288 443 4352 emissa
465 4286 534 4365 illa,
556 4286 710 4350 doctrinae
733 4305 833 4348 sacrae
850 4283 1020 4350 amantibus
1035 4283 1108 4348 satis
1122 4286 1193 4344 nota
1209 4286 1265 4352 est,
1302 4354 1311 4372 θ

140 4401 168 4460 et
190 4395 365 4464 honorificis
388 4396 557 4466 Censorum
577 4399 703 4483 judiciis
722 4399 939 4464 commendata.
989 4397 1089 4468 Quam
1106 4397 1187 4460 enim
1207 4396 1268 4478 pri·
