2782 4958
334 1319 709 1410 Disrurnrro
738 1321 1005 1430 ALTERA,

120 1537 171 1583 DE
201 1535 464 1584 DEFUNCTORUM
493 1537 660 1586 PROXIMIS
682 1539 785 1588 ANNIS
816 1540 1025 1589 GERMANIAE
1054 1539 1210 1590 THEOLO·

210 1675 336 1724 uoaum
359 1678 427 1724 vau
448 1664 646 1726 onnunnnrt
667 1679 736 1726 vau
756 1666 933 1729 unaunort
955 1668 1122 1732 mnuoma.

146 2245 249 2308 Primo
276 2243 380 2308 harum
410 2245 584 2310 charnaim
617 2242 707 2308 Libro
738 2245 774 2310 de
796 2266 858 2308 nou
888 2245 979 2310 nullis
1003 2245 1154 2328 diximus,
1179 2248 1233 2329 qui

105 2358 240 2441 proximo
262 2356 353 2421 hoece
376 2357 520 2420 decennio
542 2357 673 2420 terrestri
697 2377 736 2420 ex
756 2358 820 2421 vita
846 2359 1029 2442 migrarant,
1062 2359 1233 2424 Germaniae

105 2470 260 2555 iheologis
283 2470 320 2534 de
343 2492 507 2554 eorumque
536 2469 584 2534 vel
606 2471 714 2554 passim
737 2469 864 2535 laudatis
885 2473 1000 2536 meritis
1026 2472 1075 2538 vel
1096 2472 1234 2558 neglecto

105 2585 293 2668 aplerisque
316 2587 446 2650 nomine.
495 2586 600 2666 Quod,
625 2608 699 2671 age,
731 2608 858 2670 pensum
879 2586 1053 2652 inchoatum
1079 2588 1121 2651 ita
1150 2608 1233 2652 nune

105 2720 332 2783 persequamur,
372 2705 408 2762 ut
437 2721 600 2784 paucorum
635 2707 714 2765 oerte
752 2699 895 2778 aliorum,
931 2703 1000 2787 qui,
1037 2703 1140 2766 eodem
1171 2702 1233 2767 fere

105 2819 255 2897 tempore,
290 2820 407 2878 nostrae
436 2814 610 2898 disciplinae
640 2816 672 2877 in
696 2816 792 2879 stadio
814 2822 885 2881 sunt
907 2816 1066 2893 celebrati,
1096 2819 1233 2881 Virorum

105 2926 149 2991 rel
172 2931 344 2991 memoriam
362 2951 418 3013 pro
438 2928 518 2991 virili
539 2934 622 3012 parte
644 2929 860 3005 instauremus,
880 2929 927 2995 vel
946 2952 1054 2994 nomen
1075 2937 1155 2995 oerte
1170 2954 1232 2995 nou

105 3041 188 3126 plane
213 3043 386 3106 inornatum
412 3065 429 3106 a
451 3043 561 3106 nostris
586 3042 668 3108 hisce
698 3042 813 3108 Chartis
839 3046 993 3128 praeteriri
1017 3047 1160 3110 sinamus.
1187 3081 1229 3094 -—

105 3157 159 3221 sed
184 3159 237 3241 qui
259 3165 327 3223 ante
349 3163 478 3221 caeteros
500 3157 576 3220 mihi
599 3155 768 3221 celebrandi
790 3159 851 3221 sint
869 3160 1012 3223 incertior
1032 3158 1151 3223 haereo.
1177 3162 1232 3223 Tot

105 3272 181 3335 anim
204 3271 348 3355 proximis
375 3270 421 3334 his
442 3271 528 3334 annis
553 3271 633 3355 apud
657 3272 775 3336 Vicinos
801 3278 935 3351 nostros,
965 3273 1134 3357 dequibus
1157 3273 1232 3337 dioi-

105 3408 186 3466 mus,
216 3407 249 3448 ao
272 3390 333 3450 tam
356 3385 484 3449 illustria
506 3390 578 3450 sunt
599 3388 746 3450 exstincta
776 3409 872 3451 sacrae
899 3384 1073 3471 disciplinae
1094 3385 1230 3462 lumina,

105 3504 153 3574 ut,
187 3498 260 3562 alios
282 3520 466 3575 memorem,
499 3498 572 3563 alios
600 3499 649 3563 hio
672 3500 792 3582 quidem
814 3522 876 3565 non
898 3502 1051 3587 attingens
1072 3500 1229 3584 aequales,

105 3613 208 3677 borum
231 3613 269 3676 de
291 3612 432 3677 laudibus
454 3613 569 3697 aliquid
596 3613 757 3678 detraxisse
779 3615 875 3679 videri
897 3616 1007 3700 possim
1026 3615 1231 3698 laetorumque

105 3726 193 3803 adeo,
220 3748 324 3791 eorum
346 3729 453 3792 merita
480 3728 548 3811 jure
575 3729 822 3813 suspicientium,
851 3730 885 3793 in
908 3732 1103 3794 offensionem
1129 3731 1232 3793 ineur-

105 3863 173 3906 ram.
224 3845 399 3907 Praesertim
430 3865 524 3926 quum
557 3865 696 3928 maguam
726 3841 849 3908 alterius
879 3844 970 3929 hujus
1001 3845 1083 3909 Libri
1116 3850 1231 3930 partem

105 3957 249 4021 Narratio
280 3955 337 4021 sibi
367 3958 564 4022 vindicaverit
591 3959 628 4021 de
650 3961 699 4022 Ro
706 3959 913 4042 yaardsio,
938 3980 1036 4043 neque
1058 3961 1154 4045 igitur
1165 3958 1231 4023 bre·

105 4072 177 4134 riori
212 4070 317 4135 huiooe
351 4072 567 4155 disputationi,
600 4092 676 4154 quae
710 4072 776 4136 aliis
808 4071 954 4137 lectorum
991 4074 1024 4136 in
1059 4074 1230 4138 memoriam

105 4186 273 4250 revocandis
295 4184 453 4271 Theologis
479 4186 626 4250 destinata
648 4192 709 4268 est,
734 4186 865 4251 muttum
887 4188 975 4273 spatii
995 4187 1158 4270 reliquerit.

144 4417 241 4497 Atque
273 4414 339 4493 hta,
370 4417 395 4478 si
419 4437 464 4481 res
485 4417 559 4481 mihi
584 4419 699 4502 integra
723 4422 819 4501 esset,
851 4416 956 4482 vellem
980 4415 1017 4480 de
1039 4414 1119 4480 binis
1152 4420 1230 4482 certo

1039 4533 1103 4596 t2'
