2782 4958
168 338 236 400 158
561 358 600 400 un
625 357 723 401 anun
747 356 910 402 unruncrrs

165 544 225 587 non
251 526 350 588 animo
372 523 507 606 quidem,
532 525 585 587 sed
608 543 733 608 corpore
755 525 842 609 plene
865 543 955 588 senex
978 524 1057 612 erat)
1081 526 1251 591 secundum
1272 532 1350 591 etz

166 639 385 723 sexagesimum
416 639 521 702 aetatis
552 659 663 703 annum
691 646 852 724 agentem,
887 639 977 704 rebus
1003 640 1116 723 eripuit
1139 639 1309 719 humanis,

164 773 219 829 ne,
244 753 298 816 tali
328 751 466 816 absumto
496 753 613 836 capite,
645 752 735 837 longe
758 753 878 836 lateque
901 753 1046 816 diffusum
1068 747 1210 836 Europae
1234 753 1332 816 doc-

163 867 235 930 tiori
259 866 376 929 luctum
406 867 524 951 peperit
552 887 586 929 ac
609 866 754 930 dolorem.
795 867 899 950 eujus
929 867 1051 950 quidem
1074 865 1191 930 doloris
1213 868 1324 952 primi
1373 871 1377 879 ‘

164 982 344 1065 interpretes
367 982 449 1044 docti
478 981 618 1045 homines
648 983 831 1044 exstiterunt
853 1003 888 1044 ac
911 982 1032 1060 diserti,
1059 1000 1192 1066 quornm
1215 1002 1332 1046 voces

162 1094 309 1179 lugubres
332 1100 422 1178 atque
446 1097 596 1159 orationes
618 1096 698 1181 ipsas
720 1095 790 1159 Viri
813 1097 1062 1161 desideratissimi
1081 1098 1233 1159 continno
1256 1118 1324 1160 cc-

163 1209 363 1272 honestandas
385 1213 534 1274 curarunt
560 1212 728 1294 exsequias.
776 1210 808 1274 S.
835 1210 1029 1275 Brachium
1053 1208 1142 1286 dieo,
1167 1206 1324 1275 'l'heolo—

162 1325 230 1408 giae
254 1325 469 1400 Licentiatum,
496 1325 583 1408 cujus
606 1335 741 1389 amanter
760 1327 907 1410 seriptum
927 1323 1210 1390 commentariolum
1231 1344 1321 1409 qua·-

161 1439 200 1502 lis
231 1461 265 1501 un
293 1460 383 1522 quam
410 1439 543 1502 difficilis
566 1440 648 1503 iilius
675 1441 768 1504 suerit
791 1461 828 1502 cx
851 1441 916 1504 vita
938 1441 1037 1503 exitus
1060 1440 1210 1524 exponit;
1238 1444 1316 1504 turn

162 1551 272 1616 Frid.
306 1553 567 1628 Strananium,
600 1554 683 1618 Car.
714 1553 820 1617 imm.
855 1553 1137 1633 Nitesohium,
1169 1551 1318 1618 Theolo-

164 1668 233 1752 giue
254 1666 461 1742 Professores,
495 1667 530 1732 F.
554 1667 607 1732 W.
634 1666 1004 1744 Krurnmucherum',
1036 1667 1199 1743 Sacrorum
1224 1669 1317 1754 apud

163 1781 373 1845 Bernlinenses
396 1763 609 1867 interpretem.
643 1780 793 1858 Quorum,
819 1782 867 1846 vei
890 1782 991 1846 Amici
1016 1780 1154 1846 defuncti
1169 1782 1208 1846 in
1224 1784 1317 1848 aedi-

163 1894 238 1973 bus,
263 1896 309 1959 vei
333 1902 455 1981 propter
478 1896 665 1981 sepulcrum,
699 1895 747 1959 vel
770 1895 951 1960 Academiae
973 1897 1006 1958 in
1029 1895 1098 1960 auli
1121 1895 1248 1961 habitae
1272 1914 1319 1961 ac

161 2013 348 2097 conjunctim
372 2014 471 2076 editae
492 2015 612 2074 exstant
634 2011 785 2074 orationes
808 2010 870 2093 (l).

162 2176 303 2191 m

197 2301 238 2363 (l)
258 2299 363 2360 Queehi
372 2300 494 2349 dixerant
504 2297 678 2359 Quotuorviri,
689 2300 716 2349 in
727 2315 806 2348 unum
814 2306 901 2349 concta
910 2300 1067 2361 fasciculum,
1076 2306 1153 2363 atque
1164 2288 1292 2366 inscripta
1300 2315 1315 2346 ε

161 2386 225 2442 Zona
242 2389 399 2442 Gedtclrnisz
409 2387 444 2442 Α.
458 2393 623 2442 Neunders
639 2391 736 2452 (Berol.
751 2396 835 2452 1850),
846 2419 877 2428 -
888 2392 1136 2452 cherl.‘conversa,
1156 2392 1207 2442 hoe
1226 2394 1316 2444 tinulo

162 2486 347 2550 vulgaturum:
358 2483 619 2550 Terpedoeltem'econ
629 2485 665 2534 A.
677 2485 710 2534 N.
720 2482 1021 2533 cinanmomum
1034 2485 1069 2534 Η.
1082 2485 1110 2536 Ι.
1120 2485 1317 2549 Ruyeardt.

73 2603 75 2607 ·
161 2579 242 2643 (rraj.
267 2583 298 2630 ad
315 2581 366 2630 Rh·
394 2577 477 2643 1850).
514 2577 573 2638 Qua
596 2579 751 2642 praefatione
774 2579 940 2640 gravissimus
964 2578 1006 2626 hic
1027 2585 1115 2628 noster
1141 2576 1254 2642 collega
1271 2581 1316 2631 do

162 2670 288 2734 Theologi
306 2669 488 2728 Berolinensis,
508 2684 619 2733 quocum
636 2671 698 2719 olim
715 2685 801 2719 eoram
819 2671 934 2719 notitiam
952 2677 1124 2728 contraxerat,
1142 2671 1234 2720 indole
1248 2686 1317 2721 me-

161 2763 281 2825 ritisque,
300 2761 409 2811 breviter
433 2763 548 2824 quidem,
568 2764 611 2812 sed
633 2771 750 2813 accurate
773 2762 886 2827 exponit.
906 2789 938 2799 -
956 2765 1076 2814 Ranhii
1093 2765 1217 2826 scriptum
1232 2765 1312 2813 item

161 2853 299 2917 repositum
325 2853 406 2903 estin
431 2848 622 2904 Schneideri
646 2850 790 2917 Zeitsclrr'fl
803 2852 939 2918 feltrini.
962 2850 1139 2920 Wissenscirafl
1153 2864 1201 2906 etc.
1222 2859 1257 2906 ud
1275 2873 1308 2907 a.

163 2947 240 3008 istc,
259 2945 302 2993 li0.
322 2953 363 2998 29.

194 3039 245 3089 Sed
263 3043 350 3090 eodem
367 3041 460 3092 hocin
478 3055 555 3105 opere
572 3046 705 3090 menstruo
722 3041 796 3106 plura
813 3049 916 3092 exstent
933 3057 948 3092 e
966 3038 1043 3091 seriis
1063 3041 1212 3092 auctoribus
1230 3040 1311 3106 ejus·

160 3135 217 3184 dens
235 3133 361 3199 Theologi
377 3136 404 3184 in
421 3136 546 3185 honorem
570 3134 673 3197 scripta.
706 3133 824 3195 Quorum
848 3137 986 3199 praecipua
1009 3134 1052 3183 hic
1069 3135 1181 3185 breviter
1198 3149 1309 3186 memn-

160 3242 217 3276 rure
231 3226 314 3290 juvet.
347 3226 475 3277 Juccbii
498 3229 599 3293 quidem
617 3227 733 3277 omnium
749 3228 975 3292 locupletissimam
992 3228 1235 3279 commentationem
1254 3223 1304 3279 su·

158 3317 380 3382 prejamlaudavi.
398 3316 448 3368 Sed
460 3323 591 3382 praeterea
599 3319 661 3369 haec
669 3314 760 3370 ibidem
776 3322 875 3385 prodita
889 3315 1166 3386 notenturzdnonymi
1179 3337 1302 3383 carmen,

158 3413 180 3462 1.
194 3410 227 3467 1.;
255 3432 287 3448 -
313 3406 488 3462 Hennensi
512 3408 640 3473 Itossel,
661 3412 716 3476 jnm
741 3413 854 3464 defuncti
876 3412 991 3477 juvenis,
1015 3420 1040 3465 et
1058 3411 1171 3465 narratio
1191 3420 1218 3465 et
1236 3426 1300 3466 car-

158 3519 231 3565 men,
250 3505 284 3554 ed
301 3505 410 3555 eundem
426 3520 450 3554 c.
471 3510 549 3566 1850,
567 3503 613 3554 Νῦ.
630 3508 676 3562 803
689 3528 721 3544 -
734 3508 867 3556 memorati
881 3507 934 3569 jum
952 3505 1053 3557 Licent.
1071 3508 1199 3568 Rsnhii,
1214 3507 1301 3560 Proe-

157 3605 284 3662 ccptorem
301 3597 334 3647 N.
351 3605 473 3663 tanquam
488 3598 539 3648 Dei
552 3600 652 3649 nmmum
668 3599 806 3664 pingentis,
825 3600 973 3663 purenteliet
990 3600 1049 3650 idid.
1067 3599 1115 3651 ΝΟ.
1136 3605 1179 3660 ³1,
1197 3607 1247 3658 ea;
1261 3620 1299 3639 -ι

53 3700 55 3704 ’
158 3692 246 3740 relatio
266 3693 482 3756 quued2m‚cujus
499 3699 588 3743 auctor
607 3694 700 3742 dicitur
717 3691 868 3759 Thomas,
886 3693 920 3743 V.
938 3693 973 3743 D.
992 3693 1032 3743 M.
1048 3693 1109 3743 ibid·
1126 3692 1174 3742 N0.
1194 3698 1242 3756 33,
1261 3718 1297 3730 --

157 3776 176 3832 J
183 3782 242 3831 ulii
259 3778 393 3833 Miilleri
410 3799 584 3848 programma,
603 3786 670 3849 quod
688 3787 719 3834 de
735 3786 883 3835 harmonice
900 3785 1010 3835 scientiae
1027 3799 1057 3835 ae
1073 3785 1150 3845 vitoe,
1168 3786 1220 3848 quit
1238 3799 1296 3835 cer·

158 3879 278 3934 seretur,
297 3875 490 3938 conjunctione,
512 3877 694 3938 venerationis,
714 3881 765 3942 qut
782 3893 840 3929 enm
859 3893 947 3929 omnes
964 3885 1197 3943 prosequerentur,
1216 3885 1294 3943 prae·

157 3969 232 4032 cipuu
249 3971 351 4029 censet,
369 3971 553 4019 consulendum
571 3977 621 4030 est,
639 3973 670 4019 ed
687 3986 710 4019 a.
731 3976 811 4030 1851,
828 3971 875 4020 ΝΟ.
893 3977 934 4021 22.

191 4062 253 4111 Alia
270 4077 339 4111 nunc
356 4063 479 4112 mittimus
493 4070 539 4112 eut
555 4064 581 4113 in
600 4065 764 4128 posteriorem
783 4065 893 4128 aliquem
913 4065 999 4115 locum
1015 4063 1154 4128 rejicimus.
1187 4061 1292 4113 Verum

156 4155 277 4215 quoniam
294 4155 336 4202 hic
352 4155 384 4203 dc
402 4154 492 4203 ultima
509 4153 652 4204 Neandri
670 4154 723 4203 vitu
733 4155 849 4217 egimus,
870 4155 1022 4205 conferenda
1038 4155 1190 4205 commendo
1204 4169 1289 4218 quae,

156 4246 207 4295 leuc
223 4248 370 4310 spectantia,
387 4247 501 4296 narravit
517 4245 647 4302 Hefeler
666 4249 693 4296 in
711 4245 784 4309 (Tot,
802 4247 897 4310 codrot)
913 4247 981 4298 rtecl.
1001 4238 1198 4312 Quartclscirifl,
1212 4253 1288 4298 18511.

157 4337 272 4389 XXXII.
291 4349 319 4400 2,
338 4355 364 4404 p.
383 4345 446 4396 ³343
465 4353 498 4377 -ὲ-
517 4340 577 4389 item
594 4339 764 4406 Anonymus,
792 4342 819 4390 in
837 4340 946 4390 namn
965 4341 1000 4392 A.
1020 4341 1053 4392 Κ.
1072 4339 1186 4405 Zeituap,
1210 4345 1288 4399 18110,

55 4445 57 4448 ·
155 4425 201 4479 110.
219 4439 268 4494 21,
287 4441 326 4483 22.
