2782 4958
128 349 172 415 20
616 370 767 416 unaarum

129 536 204 608 rivel
221 535 260 610 ab
280 537 370 608 initio
388 536 438 608 ael
456 537 579 609 annino
595 536 748 611 historice
764 538 961 636 potissimum
979 537 1153 628 tractando,
1168 536 1248 638 pion

128 660 307 759 eloqueris,
330 660 551 758 disciplinam,
576 675 605 731 ct
624 663 688 733 Tua
712 663 865 759 prospicis
881 675 911 732 et
928 661 1164 762 Discipulorum
1181 689 1246 735 coa·

127 783 241 856 »maala
265 798 358 882 atque
383 781 558 855 nataralia
608 784 684 869 Qua
709 785 861 857 Veterani
888 811 968 858 voce
995 811 1034 858 ac
1064 786 1186 860 monito
1206 787 1241 861 rel

70 944 73 948 ·
128 907 268 979 maxime
288 905 468 1005 impulsus,
488 905 640 978 Novitius
657 907 689 979 in
709 931 779 979 eam
798 906 961 981 deductus
977 923 1028 982 est
1043 908 1145 998 vium,
1163 934 1238 1008 quun

126 1030 236 1103 iniisse
256 1054 423 1128 nunquam
448 1054 522 1101 eum
545 1030 714 1128 poenituit,
736 1045 772 1103 ut
791 1031 1013 1130 Philosophiae
1033 1032 1074 1106 dc
1094 1033 1161 1106 Dea
1176 1058 1239 1134 quae

125 1153 246 1226 luerint
268 1153 377 1241 initia,
399 1152 455 1251 qui
477 1177 686 1249 progressus,
705 1178 791 1253 quae
807 1155 993 1229 seculorum
1010 1181 1071 1254 per
1087 1155 1239 1230 decursum

126 1278 207 1366 lata,
242 1275 526 1350 Commilitonibus
551 1275 664 1349 ordine
692 1303 855 1376 exponere
882 1279 1076 1354 institueret.
1129 1279 1240 1353 Talibus

126 1400 225 1498 igitur
257 1399 386 1472 monitis
406 1400 433 1471 si
461 1399 623 1473 hominem
652 1426 766 1474 recens
791 1402 957 1499 cognitum
988 1403 1174 1502 augendum
1195 1430 1240 1503 p·

126 1525 206 1597 tavit
230 1526 363 1596 Herm.
387 1524 709 1623 Royaardsius,
737 1532 804 1624 qua
823 1552 888 1599 non
914 1533 1014 1625 opera
1036 1527 1119 1600 Filio
1144 1527 1240 1602 dilectu

126 1647 211 1720 idem
234 1672 308 1720 eum
334 1646 478 1720 studium
505 1648 547 1720 ab
565 1647 701 1746 ephebis
723 1649 914 1722 sectandum
939 1648 1186 1725 commendasse
1195 1676 1240 1750 pa·

126 1771 289 1846 tabimus‘l
309 1813 348 1824 —-
368 1773 469 1844 Porro
489 1787 623 1871 paterna
643 1772 684 1845 ad
707 1773 827 1846 monita
849 1800 914 1848 nan
934 1774 1098 1849 mediocre
1118 1776 1240 1849 manen·

128 1909 198 1968 tum
224 1897 399 1970 accessisse
420 1896 548 1970 videtur
574 1897 896 1970 Duru-Seillenii
921 1923 979 1997 per
1008 1896 1239 1987 institutionem,

129 2045 225 2120 quem
243 2020 498 2118 Hieronymiano
516 2019 547 2091 in
564 2019 742 2118 Gymnasio
758 2018 828 2092 aliis
845 2045 920 2092 cum
937 2020 1023 2093 Viris
1039 2019 1146 2094 doctis
1161 2021 1241 2094 Prae·

127 2159 291 2241 ceptorem
324 2141 449 2214 habuit.
504 2144 599 2214 Hunc
625 2143 709 2214 cuim
743 2143 774 2212 in
802 2142 998 2241 populorum
1025 2143 1242 2243 hominumque

126 2266 227 2339 rebus
261 2274 360 2364 gestis
395 2291 496 2365 quum
532 2265 751 2366 inquirendis,
780 2279 847 2339 tum
884 2266 1058 2340 memoriae
1085 2265 1227 2365 prodend'

126 2392 212 2463 uitae
234 2389 479 2463 tabernaculum
501 2387 646 2487 posuisse
667 2401 811 2477 constat,
833 2401 932 2487 atque
954 2394 999 2462 ita
1016 2389 1183 2490 discipulis
1200 2413 1243 2464 aas

126 2512 255 2586 tradere
290 2513 421 2586 solitum
449 2537 537 2597 esse,
565 2526 601 2584 ut
626 2509 778 2620 narrandi
809 2511 979 2602 facilitate,
1009 2512 1245 2612 perspicuitate,

126 2636 287 2709 suavitate
310 2660 507 2733 puerorum,
526 2660 590 2707 non
612 2635 707 2732 plane
721 2633 942 2733 stupidorum,
965 2636 1246 2736 omnium'caperet

127 2761 252 2833 animos
278 2773 376 2858 atque
403 2758 480 2831 huic
505 2757 613 2831 studio
640 2757 827 2831 devinciret.

177 2885 278 2972 Tum,
313 2882 530 2956 academicam
562 2881 728 2980 ingressus
753 2881 963 2980 palaestram,
998 2881 1107 2973 binos,
1143 2907 1183 2956 ue
1211 2879 1248 2953 de

129 3008 265 3080 caeteris
286 3005 364 3107 quid
386 3006 509 3095 dicam,
534 3005 595 3078 sibi
618 3008 728 3078 Duces
744 3003 823 3078 vidit
840 3005 967 3078 oblatos
991 3002 1248 3079 Historicosaalss

128 3131 204 3206 λῶν
235 3129 440 3216 aurellano
472 3127 609 3218 ἄλλων,
638 3128 935 3202 De·Rhoerium
969 3143 1002 3202 et
1031 3129 1244 3204 Heusdium.

10 3274 12 3278 ’
127 3253 427 3327 De-Rhaerium
447 3252 531 3325 enim
549 3252 608 3325 las
626 3253 772 3325 Naturae
790 3251 969 3325 tradentem
991 3253 1157 3344 audierat,
1175 3255 1248 3352 ejue

128 3404 192 3479 que
213 3377 406 3451 Scholarum
426 3401 588 3475 nunquam
607 3401 661 3448 sua
683 3401 725 3448 eae
744 3376 849 3449 aalma
864 3374 1061 3448 deletum'iri
1074 3378 1247 3451 memoriam

128 3502 235 3601 palam
256 3500 429 3574 affirmavit
454 3499 516 3598 (l).
569 3501 664 3571 Hunc
688 3511 797 3571 autem
823 3500 964 3598 primurn
983 3499 1052 3572 fere
1072 3499 1174 3575 fuisse
1192 3524 1247 3574 uu·

128 3626 255 3714 vimus,
290 3625 346 3724 qui
373 3624 414 3697 ad
445 3622 642 3722 populorum
670 3622 758 3719 leges
795 3635 826 3694 et
856 3621 1003 3694 instituta
1038 3620 1248 3697 collustrando

129 3750 290 3823 Historiae
308 3749 410 3821 lacem
430 3745 646 3821 adhibendam
668 3771 739 3818 esse
762 3758 890 3817 nostros
908 3745 1038 3844 quidem
1052 3746 1142 3821 cives
1160 3772 1248 3821 acco·

130 3873 240 3947 ratius
257 3867 405 3963 doceret,
435 3896 495 3945 nec
531 3867 591 3942 nisi
617 3869 776 3967 adjutrice
808 3868 1011 3968 Plrilasaplria
1036 3871 1122 3945 hauc
1156 3872 1248 3972 ipsam

167 4223 213 4294 (1)
233 4221 279 4277 sie
299 4220 388 4276 Hau.
409 4220 445 4275 R.
467 4218 495 4273 in
515 4218 626 4275 libella:
647 4235 712 4272 van
734 4216 890 4285 Heusde‚
912 4218 952 4272 als
972 4215 1204 4288 Gamaatonaiae
1223 4232 1248 4272 ca

129 4323 169 4377 als
185 4320 338 4390 Paadapoop
356 4327 391 4373 tot
405 4321 436 4375 de
457 4317 637 4388 Gadpeleardlr.
658 4317 779 4387 peschetst
796 4315 888 4388 (Traj.
909 4319 944 4370 ad
964 4316 1020 4371 Rh.
1044 4318 1147 4390 1840);
1164 4335 1192 4390 p.
1209 4320 1248 4370 1t.

130 4423 168 4477 Et
188 4423 221 4475 de
241 4419 391 4493 praemissa
416 4421 452 4474 ad
470 4417 628 4474 Kistium
654 4417 807 4488 epistolant
827 4419 862 4471 de
882 4421 1008 4489 utraque,
1033 4433 1106 4489 quae
1125 4413 1248 4490 opuscula

129 4519 298 4588 continetur,
318 4519 429 4575 aratione
448 4517 536 4574 relata
555 4518 630 4574 vidd.
653 4518 681 4573 in
706 4517 771 4574 Vad.
793 4516 934 4587 Leaeraeff.
958 4521 1041 4572 1840.
1065 4523 1092 4573 1.
1115 4522 1167 4573 621
1187 4532 1228 4588 aq.
