2782 4958
619 116 784 159 osusnnrr.
1218 103 1258 164 29

124 290 269 361 terarum,
293 304 353 348 non
373 281 585 349 dubitandum
599 284 674 368 quin
698 283 736 347 ad
758 282 992 349 Alexandrinam
1009 283 1185 370 singulatim
1207 308 1258 372 ap·

122 397 259 483 plicunda
281 395 357 460 sint.
394 396 647 480 ›rioterpretes,”
671 395 786 480 inquit,
809 417 896 461 »cum
914 397 960 463 cel
979 397 1103 483 linquam
1117 401 1254 482 imaue,

124 511 190 577 »cel
213 512 374 577 oscitautici
394 512 529 595 quddam
552 502 797 596 ac'ueqliqeutici
819 533 910 596 saepe
932 513 967 577 io
991 517 1128 580 emendo
1146 538 1255 601 pecca·

124 626 255 699 amrimt,
276 626 399 710 saepius
420 630 510 689 etiam
531 626 706 690 mendosam
728 624 882 690 leaticucm
897 627 930 689 iu
949 628 1099 692 codicibus
1114 631 1178 694 suia
1200 631 1253 694 lra-

125 740 274 818 »buarimt
292 762 359 803 aum
372 739 501 824 dumique
518 740 603 822 ipsae
616 738 673 802 dae
687 740 842 815 versiones,
858 739 981 822 partim
1001 739 1119 825 injuriat
1140 752 1253 826 tempo·

126 877 253 922 »ruma
277 854 410 939 prisciaci
427 853 562 938 puritate
585 850 783 938 deiecerunt,
801 852 923 936 partim
938 853 975 917 da
997 855 1151 918 industrii
1163 858 1253 921 iotar-

125 969 220 1032 »dum
243 979 406 1052 corruptae
431 972 493 1032 sint
511 980 539 1032 et
564 955 780 1053 interpolatae.
809 978 924 1052 oportet
949 968 1082 1054 profecto
1106 968 1254 1036 Criticum

125 1084 178 1146 »im
197 1082 308 1145 darum
329 1085 510 1146 varietatum
524 1083 646 1171 judicio
673 1104 784 1167 mayoc
807 1104 874 1146 cum
893 1081 1008 1147 delectu
1026 1088 1145 1149 versari
1169 1083 1254 1170 (1).’'

125 1197 209 1262 Haec
230 1196 300 1275 illc,
331 1198 384 1281 qui
415 1218 486 1260 sane
509 1217 526 1258 a
548 1195 784 1260 Buxtorilii
812 1200 1075 1278 caeterorumque,
1104 1199 1158 1282 qni
1180 1198 1253 1265 clim

125 1308 317 1387 dicebantur,
340 1308 589 1374 Antirriticorum
611 1307 825 1394 superstitione
849 1306 1040 1374 vehementer
1063 1309 1252 1378 abhorrebat.

143 1595 146 1600 .
167 1539 216 1602 Dc
235 1539 354 1604 aliisue
369 1540 465 1604 dicam
481 1536 667 1623 aequalibus,
680 1535 835 1602 Theniu
846 1559 875 1602 m
898 1541 1029 1622 quantus
1044 1539 1172 1625 cepisset
1191 1561 1252 1605 me·

125 1660 257 1718 moratae
277 1653 541 1739 interpretationis
559 1672 658 1731 amor,
683 1628 854 1716 luculenter
876 1654 1108 1718 commentarius
1131 1654 1252 1719 demon·

125 1767 249 1845 stravit,
272 1788 345 1860 quo,
371 1772 440 1845 ante
462 1766 520 1831 boc
542 1767 642 1850 ipsum
665 1765 858 1845 decennium,
884 1765 1030 1831 Samuelis
1052 1766 1146 1832 libros
1168 1768 1252 1835 illus·

125 1880 224 1944 travit.
270 1861 657 1946 Eduardc'chrsio
687 1881 786 1955 enim,
816 1880 945 1946 Censori
975 1881 1150 1948 doctissimo
1180 1882 1249 1971 (2),

126 1993 148 2055 si
162 1992 239 2057 fides
253 2001 316 2072 est,
340 2014 396 2058 nec
410 1993 501 2078 longe
525 2000 606 2059 certe
617 2017 633 2058 a
646 2015 717 2059 vero
739 2015 808 2059 enm
825 1993 962 2058 aberrare
976 1996 1126 2076 novimus,
1142 1995 1251 2062 borum

124 2107 266 2173 librorum
289 2108 366 2173 locis
387 2109 461 2173 adeo
481 2112 545 2174 385
563 2106 714 2174 Hebraico
736 2108 916 2193 corrigenda
938 2109 1138 2185 commendat,
1159 2111 1251 2195 idque

124 2221 179 2298 ita,
212 2225 250 2286 ut
271 2221 346 2286 locis
369 2225 432 2287 295
457 2221 696 2299 Alccaadrioa,
724 2219 791 2286 aliis
818 2223 950 2308 quinque
972 2231 1000 2287 et
1028 2225 1251 2310 quinquaqinta

125 2341 304 2400 caeterarum
329 2336 511 2400 Vereionnm
526 2335 626 2420 aliqua
646 2335 766 2401 Medica
784 2335 972 2402 adhibeatur.
1009 2338 1110 2404 Aliam
1125 2340 1151 2404 si
1172 2340 1251 2404 forte
1270 2354 1275 2364 ·

124 2471 303 2535 cognoscere
318 2451 406 2534 juvat
428 2450 535 2514 haram
558 2450 800 2515 emendationum
824 2453 1094 2535 computationem,
1117 2474 1194 2538 qnae
1211 2454 1248 2519 ad

124 2582 208 2628 nnam
233 2565 363 2648 aliquam
393 2563 568 2648 singulatim
596 2565 745 2630 reseratur
773 2563 928 2630 Samuelis
949 2565 1095 2632 librorum
1117 2569 1250 2653 particu-

123 2674 198 2755 lum3
225 2678 416 2744 Weltium
439 2678 608 2755 audiamur,
632 2681 720 2764 cnjus
739 2670 829 2744 etiam
848 2681 943 2766 ipsius
962 2681 1044 2746 lectu
1064 2682 1190 2768 dignum
1211 2684 1248 2747 de

124 2793 334 2857 commentario
360 2793 512 2876 judiciam
540 2797 639 2858 exstat
661 2793 726 2880 (3).
775 2793 845 2866 Quo
868 2795 965 2881 igitur
989 2803 1148 2874 monente,
1178 2817 1247 2862 cum

121 2907 238 2989 prioris
259 2906 332 2970 libri
347 2905 500 2973 Samuelis
523 2905 625 2993 Caput
644 2910 781 2993 primum
807 2910 1034 2997 duodetriqiuta
1056 2912 1249 2978 contineatur

124 3019 319 3097 sectionibus,
337 3041 439 3087 carum
462 3021 571 3105 ciqiati
594 3031 622 3087 et
644 3044 747 3101 uuam,
772 3023 1052 3090 Alecandriucrum
1071 3024 1248 3109 plerumque

124 3153 156 3197 ex
176 3135 375 3215 anctoritate,
408 3135 598 3220 retingendas
619 3142 706 3221 putat
734 3137 934 3210 Tranium
963 3141 999 3201 nt
1020 3148 1161 3222 septenae
1181 3143 1248 3202 tan·

124 3253 183 3314 inm
206 3251 338 3314 intactae
361 3255 500 3314 maneant
522 3251 679 3315 sectiones.
726 3251 824 3323 Quam
847 3250 1072 3315 immoderatam
1096 3250 1246 3316 Hebraica

124 3360 300 3428 sollicitandi
323 3362 482 3428 libidinem
504 3383 522 3426 a
544 3361 624 3429 binis
645 3362 820 3447 improbari,
837 3384 912 3447 quos
935 3349 1078 3441 diximus,
1104 3363 1246 3428 Censori·

125 3472 193 3556 bus,
222 3478 359 3562 quamvis
389 3476 536 3542 benevolo
563 3485 710 3561 utroque,
740 3499 829 3542 nemo
851 3477 1019 3544 mirabitur.
1067 3475 1150 3548 Quid
1173 3499 1245 3543 vcro

130 3667 258 3679 ὴ..-

156 3801 195 3862 (1)
213 3799 273 3850 Vid.
291 3800 407 3852 Bibliotb.
426 3803 523 3862 critica,
539 3819 555 3853 a
573 3803 825 3869 Wyttenbachio
843 3806 917 3864 edita,
937 3804 1000 3855 Vol.
1019 3807 1042 3856 1.
1060 3805 1092 3856 P.
1116 3813 1138 3857 1.
1157 3824 1183 3872 p.
1201 3814 1243 3859 88.

157 3892 191 3955 (2)
209 3892 272 3942 vic.
285 3895 316 3943 Ε.
334 3894 446 3955 Reuss,
464 3897 492 3946 in
505 3895 624 3960 Ephem.:
643 3895 714 3947 Neue
724 3895 853 3947 uerrucis
869 3897 928 3963 aliq.
943 3897 992 3949 Lu.
1004 3898 1077 3963 Zeia,
1090 3899 1125 3950 od
1139 3916 1169 3950 m.
1182 3900 1244 3951 Ma·

121 3981 166 4044 ium
182 4000 208 4034 a·
226 3991 299 4039 1⁸43.
316 3985 363 4037 N0.
385 3993 432 4038 110
449 4003 502 4053 sqq.

156 4077 192 4138 (3)
211 4078 242 4126 Β.
256 4077 375 4142 Wolte,
392 4083 552 4134 doctissimus
569 4084 613 4134 ille
629 4082 775 4134 Herbstiaci
788 4081 814 4132 iu
835 4081 866 4132 V.
884 4081 913 4132 T.
940 4082 1057 4136 Intrciuis
1074 4085 1173 4149 Editor,
1192 4091 1244 4141 vid.

127 4164 151 4216 in
166 4168 284 4233 liobam:
304 4170 405 4239 Tubioq.
422 4174 505 4226 cathol.
524 4174 602 4226 Tbeol.
620 4174 821 4240 acarasseorum
837 4174 941 4226 adaco.
961 4182 1034 4230 1843.
1047 4185 1104 4244 3.p.
1121 4182 1170 4231 494
1183 4195 1241 4247 sqq.
