2782 4958
138 339 179 402 86
623 359 770 403 nxaaarro

141 524 324 597 immeritae.
376 525 479 622 Cujus
504 523 628 596 semina
658 523 732 597 fidei
766 522 881 621 puerili
905 524 972 621 jam
1007 524 1040 597 in
1066 526 1137 598 Filii
1165 529 1247 602 anino

139 648 259 722 Christi
292 648 511 720 amantissima
546 660 709 744 sparserat
738 649 851 721 Mater.
904 649 1011 732 Quam
1045 649 1147 747 ipsam
1177 652 1247 749 fidon

137 769 228 844 nulla
245 796 309 843 non
330 770 416 842 vitae
434 780 539 841 aetate
555 767 639 840 serit
663 793 701 840 ac
725 769 837 841 sedatd
861 796 970 846 rerum
991 801 1158 850 sacrarum
1177 803 1247 851 cou-

138 893 336 966 mentatione
358 890 561 964 confirmavit
585 905 684 988 atque
707 891 867 981 excoluit3
891 919 990 993 quam
1018 899 1153 986 Uxoris,
1177 900 1248 974 Libe

137 1042 260 1105 rorum,
287 1015 552 1090 Nacessariorum
582 1014 840 1114 Amicorumque
864 1018 974 1092 tristes
998 1019 1151 1094 aluerunt
1172 1022 1248 1095 hlccc

137 1166 177 1213 ex
199 1143 286 1213 terra
318 1139 545 1237 migrationes3
570 1137 776 1210 euitandam
807 1139 900 1231 fidei,
926 1145 1101 1241 postremis
1130 1145 1178 1216 his
1198 1147 1248 1242 ejus

136 1264 246 1350 annis,
281 1287 383 1351 nova,
412 1263 438 1334 si
471 1286 555 1360 quae
591 1261 674 1333 lorte
710 1264 979 1361 requirebantur,
1020 1268 1143 1366 pabula
1175 1295 1247 1366 prae

135 1386 352 1459 stantissimae
383 1387 498 1459 Scordo
527 1383 715 1482 exemplum
749 1386 899 1483 praebuit
927 1404 960 1461 et
990 1416 1067 1463 cum
1098 1393 1246 1490 sapientiae

138 1511 270 1584 lenitate
291 1512 464 1607 conjuncta
485 1511 588 1608 pietas
609 1509 704 1608 plane
728 1509 920 1582 Christiana.
961 1513 1015 1585 Sic
1033 1513 1133 1611 igitur
1148 1515 1244 1614 optino

136 1648 248 1707 nostro
271 1634 404 1731 contigit
428 1634 560 1720 Amico,
585 1633 773 1706 moderante
800 1658 839 1705 ac
860 1636 1005 1730 juvante,
1031 1639 1128 1735 cujus
1149 1638 1243 1711 auxilio

135 1758 242 1830 omnia
271 1781 331 1829 sua
351 1757 495 1829 tribuere
510 1767 735 1843 consueverat,
754 1755 814 1827 Dei
832 1756 955 1854 Spiritu
982 1760 1113 1848 Sancto,
1129 1774 1171 1848 nt,
1184 1784 1245 1858 quae

134 1907 175 1955 ex
197 1881 306 1954 nativa
331 1880 428 1952 animi
455 1878 562 1951 indole
586 1892 702 1976 sponte
728 1879 916 1951 exstiterant
942 1881 1074 1954 virtutis
1100 1881 1243 1954 obstacula

137 2017 238 2102 atque
251 2002 491 2102 impedimenta,
514 2002 618 2098 magis
632 2003 801 2100 magisque
822 2027 861 2075 ea
877 2005 1024 2077 vinceret
1041 2018 1075 2077 et
1091 2015 1244 2104 superaret,

136 2142 236 2228 atque
253 2127 294 2199 ad
319 2152 438 2199 cunrsrr
461 2127 607 2213 Domini,
633 2126 722 2224 quod
748 2125 892 2199 modeste
913 2141 982 2199 ete
1006 2127 1182 2227 longinquo
1202 2123 1245 2200 sibi

137 2251 340 2351 sequendum
367 2261 595 2348 proposuerat,
619 2249 755 2347 propius
777 2249 943 2348 paullatim
966 2248 1138 2323 accederet
1160 2273 1246 2323 exem

136 2374 238 2473 plum.
290 2376 361 2446 Hoc
383 2388 443 2462 est,
461 2372 550 2472 quod
568 2397 620 2445 me
644 2397 721 2446 vere
747 2397 785 2444 ac
810 2372 936 2445 sincere
959 2371 999 2444 de
1020 2396 1060 2445 eo
1082 2372 1245 2456 affirmtsoe,

136 2497 325 2597 quicunque
349 2522 423 2569 eurn
451 2495 586 2568 interius
612 2496 777 2594 cognitum
804 2495 1002 2581 habuerunt,
1021 2508 1123 2568 testes
1143 2494 1247 2567 luturos
1288 2512 1291 2581 ξ

136 2644 208 2693 esse
230 2619 359 2693 confido
379 2619 443 2717 (l).
495 2617 592 2705 Quod
615 2618 642 2690 si
663 2617 747 2691 enim
766 2631 919 2717 tanquam
943 2617 1125 2716 perlectum
1138 2611 1248 2715 aliquod

134 2742 298 2840 Collegam
323 2742 510 2816 extollerem
536 2753 779 2814 consummatae
803 2741 931 2838 pietatis
958 2765 996 2812 ac
1014 2740 1145 2812 virtutis
1163 2763 1248 2814 exan-

133 2864 241 2963 plum,
268 2866 409 2962 graviter
432 2866 653 2962 increpantem
677 2865 778 2962 ipsius
804 2888 916 2936 vocem
936 2863 1050 2936 audire
1078 2863 1158 2936 mihi
1179 2861 1248 2934 vide-

133 3011 197 3074 rer,
219 3012 304 3086 quae
329 2986 494 3084 indignata
514 2989 673 3062 laudatori
693 2989 774 3061 haec
797 3002 971 3087 reponeret
992 2989 1120 3086 inepto:
1158 2985 1247 3060 »At-

131 3136 214 3181 none
240 3113 286 3181 Tn
310 3112 414 3199 etiarn,
438 3111 546 3184 Seculi
561 3137 676 3183 rnorem
691 3114 844 3199 inritatus,
864 3113 945 3182 milri
960 3137 1085 3208 meoque
1100 3111 1152 3182 cel
1171 3107 1248 3184 Genii

130 3234 206 3305 noel
232 3235 362 3331 lnpanio
396 3235 429 3305 id
456 3234 588 3306 tribuere
620 3262 681 3306 non
714 3234 854 3323 dubitus,
889 3233 972 3332 qnod
999 3235 1139 3306 Divinae
1171 3232 1248 3305 colna

129 3357 292 3431 »Gratiae
317 3373 474 3455 acceptum
495 3383 557 3430 esse
585 3358 784 3454 referendum
805 3372 978 3430 constanter
998 3359 1157 3454 professus
1173 3354 1247 3428 san?

131 3483 248 3553 »Itone
285 3484 332 3553 Tu
357 3484 467 3570 etiam,
494 3485 549 3580 qni
577 3483 709 3578 tripinta
732 3494 761 3551 ct
788 3480 869 3577 qaod
895 3481 1036 3551 occurrit
1070 3505 1167 3552 annos
1193 3475 1246 3550 tot

128 3604 259 3703 »lapara
285 3631 333 3676 me
364 3604 515 3693 habenti,
545 3629 582 3676 cc
610 3631 672 3676 nan
700 3628 805 3701 panca
830 3604 927 3691 milri,
961 3605 1106 3700 qncmcr's
1135 3602 1245 3684 dolenti,

129 3725 256 3798 »dese
285 3754 347 3799 nan
378 3752 454 3798 raro
483 3741 713 3824 conquerentem
745 3751 793 3796 rne
821 3726 966 3808 audiisti,
998 3726 1114 3797 collide
1136 3727 1205 3798 daec
1226 3731 1260 3799 tl

127 3849 302 3920 »etruriae
327 3848 558 3922 dissimulando
571 3849 712 3946 pctus?''
739 3890 782 3904 -
810 3851 878 3921 Nec
899 3848 1045 3946 prolecto
1067 3855 1094 3921 is
1115 3875 1175 3947 ego
1191 3867 1244 3920 suu

130 3971 205 4070 qui,
224 3971 310 4044 bona
336 3987 464 4071 praeter
487 3971 618 4045 modum
635 3970 872 4069 amplificanda,
895 3998 973 4046 vere
991 3972 1154 4047 dictorum
1170 3971 1243 4044 fidem

131 4094 260 4168 elevare
288 4097 393 4169 velim.
484 4116 486 4120 “

170 4398 217 4468 (1)
238 4398 414 4455 Domesticae
434 4400 518 4454 etiam
534 4402 639 4469 pictatis
657 4399 814 4472 exemplum
828 4399 1000 4456 Necessariis
1017 4397 1167 4471 praeivisse
1184 4386 1243 4449 Aml-

31 4519 33 4522 ⁴
123 4507 195 4566 cum,
218 4515 281 4554 vere
302 4499 369 4555 dicit
387 4499 647 4569 Scholtcnins,
669 4498 689 4555 l.
710 4500 729 4554 l.
752 4519 781 4572 p.
807 4505 857 4555 65.
