2782 4958
218 338 280 399 tSl
704 354 859 398 marcaon

222 525 340 609 copiose
371 523 570 587 demonstrare
599 522 743 588 studeret.
791 525 857 586 Non
886 524 929 587 ita
951 523 1093 607 quidem,
1119 524 1296 610 prudentior
1316 547 1347 590 eo

221 639 417 721 doctiorque,
441 636 579 712 Thilo,
606 637 692 721 cujus
725 658 784 701 non
816 638 1036 702 accuratissime
1067 637 1201 703 traditur
1235 636 1271 703 ab
1297 637 1343 703 illo

218 752 377 815 sententia.
427 751 634 815 Verumtamen
657 749 708 815 hic
730 752 821 815 etiam
843 771 985 836 suspenso
1007 752 1082 836 pede
1106 750 1210 815 locum
1231 756 1343 816 tractare

220 865 352 930 videtur.
401 864 460 928 Sed
482 863 651 928 felicissime
674 886 737 929 rem
760 865 894 951 expediit
916 863 1057 946 Tiscb.‚
1081 867 1135 948 qui
1158 864 1344 951 probabiliter

220 978 333 1043 taetram
357 999 419 1042 esse
442 982 557 1053 monet,
581 981 617 1040 ut
640 998 656 1041 a
675 978 776 1055 priore
797 976 852 1042 illo
876 983 911 1048 ἐν
935 989 981 1066 τῷ
1006 981 1160 1066 Ἰσραήλ,
1184 982 1264 1064 quod
1286 986 1344 1066 post

221 1098 277 1161 oca
303 1099 455 1175 ἐποιήσας
471 1091 607 1156 additum
630 1097 746 1165 exstat,
764 1091 862 1156 oeulis
883 1092 1093 1158 aberrantibus.
1103 1095 1250 1159 continuo
1266 1093 1343 1158 libra·

219 1208 282 1271 rius
305 1206 341 1270 ad
363 1208 489 1270 alterum
513 1211 549 1274 ἐν
573 1217 618 1289 τῷ
643 1204 790 1291 Ἰσραήλ,
815 1212 883 1290 post
905 1209 1033 1292 σπέρμα
1056 1228 1232 1283 recurrens,
1258 1214 1343 1272 trans-

218 1320 325 1396 siliret,
350 1320 482 1403 adeoque
505 1340 702 1403 quaecunque
724 1320 902 1383 intermedia
924 1328 1010 1385 erant
1031 1320 1213 1406 negligeret.
1251 1321 1344 1406 Cujus

218 1436 301 1500 modi
324 1456 377 1518 per
399 1432 554 1498 oculorum
586 1455 701 1498 errores
722 1434 797 1497 varii
820 1434 938 1519 generis
966 1435 1165 1499 omissionum
1187 1457 1222 1499 ao
1248 1435 1344 1499 transi·

218 1553 338 1617 tionum
357 1554 496 1613 sexcenta
516 1549 697 1634 scriptorum
715 1549 908 1632 antiquorum
929 1549 961 1611 in
981 1551 1048 1613 Mas.
1072 1547 1211 1633 exempla
1226 1553 1342 1623 exstare,

218 1668 251 1730 in
275 1666 385 1751 vulgus
415 1669 521 1728 notum
544 1669 601 1728 est.
649 1664 803 1729 Caeterum
836 1683 897 1727 non
920 1661 1109 1728 intellectum
1132 1664 1225 1728 etiam
1248 1661 1341 1727 vocab.

220 1781 445 1865 ὅωδεκάφυλος
464 1781 506 1861 (t)
530 1780 566 1843 ad
590 1783 689 1843 totum
713 1778 927 1859 omittendum,
953 1799 1014 1861 quo
1041 1777 1266 1854 continebatur,
1289 1778 1342 1842 dic·

217 1902 295 1971 tum,
321 1896 401 1979 quod
424 1894 547 1958 forsitan
570 1894 708 1977 ineptum
731 1891 867 1977 putabat,
885 1891 1039 1977 impellere
1062 1893 1166 1978 potuit
1184 1890 1341 1957 librarium.

217 2013 323 2075 Verum
348 2010 380 2072 in
404 2007 526 2093 palmari
550 2007 623 2071 licet
637 2007 825 2089 acquiescere
848 2007 1046 2072 recentissimi
1064 2007 1198 2072 Editoris
1219 2007 1340 2073 auinmd·

218 2126 366 2201 versione3
392 2145 481 2207 quam
504 2121 606 2209 paullo
629 2121 790 2204 copiosius,
812 2142 902 2204 quam
926 2122 1035 2186 fecerat
1057 2124 1183 2200 Auctor,
1203 2143 1340 2187 commen·

219 2237 344 2302 dandam
366 2238 478 2321 putavi.

264 2466 321 2531 Sed
351 2466 377 2529 si
408 2467 566 2530 universus
596 2466 771 2530 retinendus
800 2471 845 2530 est
867 2465 970 2542 loeus,
995 2466 1129 2552 singulm
1159 2467 1227 2552 ejus
1255 2473 1337 2552 partes

218 2580 370 2663 quomodo
392 2579 532 2665 legendas
562 2601 623 2643 esse
647 2578 911 2644 existimabimus?
955 2582 1077 2645 Leviora
1099 2583 1198 2666 igitur
1223 2587 1260 2646 ut
1282 2583 1337 2646 mit·

217 2697 333 2763 tamus3
359 2696 426 2775 post
457 2713 489 2755 v.
513 2696 602 2759 ἀπίει
633 2690 840 2756 Thilonem
870 2693 960 2758 rerba
989 2695 1171 2759 inserentem
1200 2695 1335 2760 vidimus:

218 2811 262 2882 εἷς
286 2809 342 2873 τὸν
367 2801 457 2873 οἷκον
482 2809 581 2872 αὑτοῦ
606 2812 660 2871 καὶ
685 2807 804 2875 ἐλθών.
842 2808 927 2883 Quod
951 2813 982 2872 et
1001 2806 1206 2891 illi1m,quem
1230 2808 1338 2874 casuris

216 2917 412 3002 praeferebat,
437 2919 554 2983 Codicis
576 2921 753 2984 auctoritate
775 2921 863 2997 facit,
888 2928 919 2987 et
940 2920 1018 2986 altus
1041 2923 1199 3007 cujusdam
1226 2918 1337 3007 (0.)'‚ei

217 3031 267 3095 hle
289 3033 486 3122 assentientis.
536 3036 643 3099 Verum
665 3036 786 3119 utrique
810 3043 995 3102 caeterorum
1017 3039 1154 3103 omnium
1179 3039 1339 3104 adversatur

216 3148 340 3211 testium
362 3149 551 3233 suffragium.
601 3149 724 3213 Accedit
754 3150 835 3232 quod
857 3151 896 3213 iis
919 3150 1107 3215 inculcandis
1128 3151 1229 3217 verbis
1251 3171 1341 3217 cavere

216 3260 346 3326 voluisse
368 3262 528 3338 videntur,
554 3284 630 3346 quos
659 3264 907 3340 memoravimus,
935 3265 1028 3328 Codd.
1056 3265 1090 3329 d.
1116 3270 1146 3329 et
1174 3267 1211 3331 0.
1238 3288 1277 3330 ne
1298 3285 1342 3351 pro

219 3377 289 3440 tota*
307 3377 435 3442 Israelis
454 3386 553 3461 pecte,
577 3399 665 3460 quam
689 3378 797 3443 adierit
818 3379 999 3461 meabimus,
1022 3384 1191 3444 sumeretur
1214 3383 1344 3449 retexa-

218 3491 331 3574 φυλος.
379 3491 449 3555 Sive
471 3491 567 3577 igitur
590 3493 714 3556 testium
737 3495 945 3557 auctoritatem
967 3496 1158 3579 spectaveris,
1184 3517 1239 3560 seu
1262 3497 1345 3561 inter·

216 3625 286 3666 uam
316 3625 417 3669 rerum
447 3603 708 3690 probabilitatem
737 3612 817 3673 recte
847 3607 948 3672 fecisse
980 3609 1145 3674 censendus
1174 3615 1221 3674 est
1252 3610 1346 3674 Editor

216 3718 399 3798 darmensis,
424 3721 504 3802 quod
528 3719 575 3784 bis
598 3721 830 3806 circumscriptis
850 3744 914 3786 eam
939 3722 988 3786 hle
1010 3723 1154 3802 restituit,
1183 3745 1276 3808 quam
1298 3727 1346 3788 Fa·

216 3830 374 3897 bricius
405 3832 562 3919 vulgatrat,
597 3834 763 3900 breviorem
798 3834 967 3900 lectionem.
1015 3837 1182 3902 Prudenter
1212 3861 1286 3903 vero
1317 3836 1347 3902 ab

217 3946 322 4010 eodem
344 3949 466 4011 recessit
490 3948 611 4023 Critiae,
638 3955 705 4033 post
728 3951 833 4034 partic.
862 3951 963 4032 λέγων
987 3951 1138 4015 inserente
1167 3957 1203 4020 ἐν
1233 3957 1344 4038 ἑαυτῷ.

218 4061 320 4139 Quod,
344 4063 400 4125 etsi
423 4064 544 4127 testium
560 4064 707 4149 praesidio
731 4044 791 4126 nori
815 4064 993 4129 destitutum
1017 4066 1068 4141 sit,
1094 4067 1289 4130 manifestum
1311 4072 1347 4130 t·

218 4227 365 4236 .--—---—

250 4339 286 4399 (l)
306 4338 346 4388 Dc
365 4342 433 4388 vocis
452 4354 544 4401 genere
563 4356 591 4388 ac
615 4341 794 4402 terminatione
818 4340 881 4389 intra
906 4339 993 4403 paucis
1013 4341 1133 4391 dicemus.
1171 4340 1223 4391 Ilic
1240 4340 1343 4405 quidem.

217 4427 324 4479 Tisch.
346 4433 433 4492 secuti,
455 4434 490 4480 sic
508 4434 664 4495 scripsimus.
