2782 4958
130 342 168 404 17
173 342 192 401 6
610 357 771 399 ciouaours

125 529 237 591 accusa
260 527 508 602 Ciceronem,
535 523 715 605 Vellejus
745 524 872 587 affirmat
894 521 1092 605 Epicuraeus.
1143 521 1293 584 »Anido

126 641 223 704 caim”
254 639 383 725 (Cotta
414 661 448 703 ac
477 635 619 722 Tullil)
645 640 765 722 »iuquit
789 641 952 715 occideras,
978 638 1017 701 cd
1044 638 1151 701 codem
1173 636 1201 700 P
1209 635 1281 699 hi-

123 754 232 818 lone”
265 755 412 838 (Doctore
443 751 639 832 Academico)
672 752 773 815 »aila
794 755 868 815 scira
893 752 1044 816 didicistis
1067 747 1149 836 (1).”
1195 748 1277 820 Quo

125 869 247 952 quidem
272 891 304 931 se
328 871 445 931 venisse
468 865 594 929 oonsilio
620 871 782 949 negantem
816 865 956 929 audimus
978 863 1050 929 libri
1074 868 1263 940 Auctorem,

124 983 175 1045 sed
200 989 261 1048 tam
285 983 394 1045 leniter
417 985 598 1064 negantem,
626 982 676 1055 ut,
702 978 763 1040 uisi
787 1000 871 1042 meus
895 1000 942 1042 me
965 979 1049 1042 sallat
1071 978 1264 1052 sensus,.ai·

125 1097 170 1161 dil
192 1098 365 1173 scientibus,
386 1096 418 1158 id
439 1101 485 1157 est
503 1095 638 1157 omnium
657 1112 758 1155 rorum
775 1093 977 1176 ignorantiam
994 1093 1151 1176 professis,
1177 1089 1265 1155 Phi·-

122 1209 235 1274 lonis
265 1211 297 1273 se
328 1208 485 1292 discipulis
508 1208 717 1285 annumerari,
743 1229 799 1271 uec
823 1229 912 1292 aegre
935 1210 1014 1273 serre
1045 1208 1260 1271 videaturaut

125 1322 211 1386 valde
234 1323 337 1386 mirari
360 1326 422 1407 (2).

170 1434 252 1501 Cum
275 1438 372 1522 igitur
395 1458 431 1500 eo
453 1437 645 1520 potissimum
667 1437 699 1499 in
723 1458 825 1519 opere,
843 1440 931 1521 cujus
947 1441 1162 1523 argumentum
1183 1456 1260 1520 aper·

128 1555 189 1615 tam
220 1549 257 1614 ab
290 1553 425 1615 Auctore
456 1551 623 1614 sententiae
654 1552 884 1616 declarationem
909 1553 1062 1636 requirere
1088 1550 1259 1624 videretur,

129 1673 191 1728 tam
215 1663 390 1730 dubitanter
412 1687 480 1729 eum
505 1686 538 1728 ac
562 1671 622 1727 tam
647 1666 788 1750 ambigue
811 1666 981 1750 loquentem
1005 1665 1175 1742 audiamus,
1199 1663 1262 1727 fieri

128 1780 224 1862 possit
247 1785 284 1843 ut
305 1779 385 1864 quis,
412 1779 496 1862 quasi
520 1777 705 1842 Philonis
735 1781 824 1843 etiam
856 1782 920 1865 ipse
951 1803 988 1844 ex
1012 1780 1174 1864 disciplina
1197 1800 1263 1863 pro·

127 1894 225 1958 fectus
245 1896 298 1969 sit,
323 1894 405 1977 quod
437 1894 473 1956 ad
504 1894 710 1976 quaestionem
738 1894 910 1959 solvendam
933 1897 1092 1980 pertineat,
1127 1895 1208 1959 nicil
1235 1915 1264 1958 aa

127 2012 204 2074 scire
228 2009 416 2094 profiteatur.
466 2011 533 2092 Age
556 2013 670 2083 minen,
696 2014 799 2071 utrum
822 2010 900 2074 sorte
922 2012 1052 2095 aliquid,
1085 2010 1179 2092 quod,
1206 2008 1265 2079 nisi

129 2129 258 2200 certum,
285 2129 316 2186 at
339 2121 491 2207 probabile
515 2123 567 2198 sit,
592 2124 643 2185 liic
664 2125 740 2186 scira
762 2124 922 2207 possimus,
940 2124 1044 2207 paucis
1059 2123 1261 2208 inquiramus.

174 2241 221 2302 Ac
243 2239 372 2331 primum
397 2236 518 2320 quidem
542 2258 602 2299 uon
625 2237 789 2300 audiendos
813 2259 894 2313 esse,
926 2239 979 2321 qui
1002 2215 1265 2323 Epicuraeu'm

128 2372 197 2416 eum
220 2352 368 2427 fecerunt,
394 2351 424 2414 J.
450 2350 496 2413 M.
524 2351 733 2415 Gesnerum
757 2351 903 2436 aliosque,
929 2353 1076 2437 plerique,
1109 2354 1143 2417 ni
1164 2352 1263 2428 fallor,

128 2465 206 2529 mibi
227 2466 392 2529 assentiant
414 2464 553 2528 lectores.
603 2462 726 2535 Quanto
757 2487 827 2527 sane
850 2466 946 2548 spatio
970 2489 987 2529 a
1006 2465 1098 2530 coelis
1121 2471 1265 2535 remotam

127 2601 191 2642 esse
215 2581 356 2643 novimus
379 2585 503 2649 terram,
530 2584 615 2642 tanto
639 2577 802 2642 distabatu
826 2581 1030 2664 Gargettii
1054 2582 1157 2659 istius,
1176 2600 1265 2664 quem

127 2693 254 2757 asseclae
279 2693 441 2770 vocabant,
478 2693 591 2756 Senis
621 2692 745 2756 levitate
768 2715 802 2756 ao
825 2692 943 2776 placitis
974 2694 1153 2778 voluptariis
1176 2693 1265 2760 Tul·

127 2805 175 2868 lii
198 2808 331 2888 gravitas
354 2826 558 2889 sensuumque
582 2807 720 2870 altitudo.
766 2807 875 2890 Neque
892 2809 972 2871 enim
996 2808 1086 2872 ullam
1111 2809 1199 2872 facile
1221 2808 1265 2872 val

128 2918 284 2982 refellendi
307 2921 352 2984 val
380 2921 414 2982 in
443 2921 535 2982 risum
560 2919 696 2982 vertendi
728 2922 792 3003 ejus
822 2922 978 3004 opiniones
1008 2923 1264 3006 opportunitatem

128 3033 254 3097 omittit.
303 3037 422 3119 Alquo
454 3035 618 3118 posteriore
648 3035 775 3097 consilio
798 3056 871 3099 num
894 3036 983 3119 longe
1005 3033 1084 3097 absit
1113 3035 1178 3117 ipsa
1200 3033 1263 3111 illa,

128 3167 217 3231 quum
251 3147 367 3211 Velle
374 3171 384 3232 J
394 3171 412 3211 o
444 3147 563 3226 tribuit,
605 3149 701 3210 oratio
739 3148 859 3210 videant
882 3149 1039 3212 acutiores.
1085 3147 1159 3210 Eam
1184 3124 1264 3209 enim

128 3262 165 3326 ad
189 3262 361 3326 alienandos
390 3261 426 3325 ab
457 3248 644 3346 Epicuro,
681 3283 771 3345 quam
795 3251 831 3324 ad
855 3261 1060 3325 conciliandos
1084 3261 1148 3343 ejus
1171 3262 1263 3346 placi·

126 3377 165 3441 tis
187 3376 315 3441 lectores
339 3377 413 3439 mihi
437 3381 519 3440 certe
543 3377 840 3440 accommodatiorem
862 3376 957 3439 videri
982 3397 1041 3438 non
1066 3374 1207 3438 diffiteor.

172 3491 231 3555 sed
262 3492 336 3574 quid
367 3490 465 3554 obstat
496 3492 674 3575 quominus,
716 3490 946 3564 Patavium,
981 3489 1262 3570 Moshemium,

128 3603 358 3669 Ernestium
382 3604 515 3688 aliosque
538 3604 647 3680 secuti,
683 3605 961 3668 Academicum
992 3625 1060 3666 eum
1091 3603 1264 3680 credamus,

126 3721 178 3802 qui
203 3742 317 3795 revera,
343 3719 424 3802 quod
448 3720 642 3782 affirmantem
667 3717 837 3802 audivimus
869 3717 1093 3801 Vellejum,
1117 3717 1266 3782 Cottae

136 3910 227 3918 ——--
232 3910 293 3917 -..—..=

162 4043 201 4106 (l)
223 4044 259 4093 De
277 4045 308 4092 N.
327 4045 361 4094 D.
380 4044 436 4094 Lib.
455 4046 475 4094 Ι,
496 4045 557 4110 Cap.
578 4049 599 4096 7.

163 4137 199 4198 (2)
219 4138 258 4186 Do
277 4139 426 4197 Philone,
446 4153 496 4201 qno
514 4140 676 4189 dilectissimo
695 4141 864 4204 Praeceptorc
886 4154 947 4188 usus
966 4146 1004 4188 est
1027 4135 1152 4196 Cicero,
1171 4139 1264 4202 impri-

128 4231 176 4279 mis
194 4231 363 4278 oonsulendus
382 4240 420 4279 ast
432 4229 457 4278 J.
473 4233 508 4280 A.
524 4231 552 4281 C.
570 4248 630 4281 van
650 4231 788 4290 Heusde‚
808 4237 833 4281 in
852 4232 963 4294 optimae
981 4228 1061 4290 frugis
1074 4230 1264 4277 dissertatione:

126 4322 165 4370 M.
185 4321 215 4371 T.
235 4319 595 4388 0.uat0ulara›a.1a'sqais.
615 4325 644 4375 dc
661 4326 757 4376 Pisidas.
777 4324 881 4374 Ca'caroa.
897 4324 966 4386 flaute
981 4320 1113 4386 praecipuo
1132 4321 1214 4383 (Traj.
1232 4322 1265 4370 ad

126 4414 177 4464 Rh.
200 4415 284 4479 1836),
295 4433 328 4481 p.
351 4419 381 4465 73
401 4432 464 4480 sqq.-
