2782 4958
498 366 538 408 us
561 366 664 408 ursurs
687 365 887 409 uuusrronns.
1221 351 1262 410 93

132 537 176 613 nt,
192 533 332 619 quamvis
354 539 492 599 accurate
516 535 641 600 alterius
663 534 808 598 lectiones
831 533 961 619 singulis
983 531 1059 597 locis
1075 533 1266 618 cognoveris,

132 649 166 712 de
187 648 284 713 altert
305 653 407 713 tamen
430 648 478 712 vel
501 651 710 715 consentiente
732 649 781 714 vel
804 649 1021 728 dissentiente,
1054 650 1120 734 ipffl
1147 649 1268 716 demum

132 763 278 843 consults,
307 769 390 828 certo
407 764 545 848 judicare
567 766 676 850 possis.
690 801 731 815 -
747 763 838 836 Quod
858 785 948 849 porro
969 763 1270 831 Griesbachium

131 880 297 942 cautissime
318 880 439 942 demum
462 881 512 961 (l)
531 880 571 943 ul>
589 878 680 945 Illuc
687 879 848 959 ‚viriand
870 880 1022 964 scripturd
1044 883 1183 945 recedere
1204 903 1269 944 mo·
1363 945 1368 951 ,

132 999 192 1068 net3
220 1013 283 1054 nou
305 993 332 1054 is
353 1012 412 1077 ego
435 1012 514 1068 sum,
535 993 588 1076 qui
611 994 733 1058 incaute
755 1016 790 1058 ac
812 999 926 1058 temere
942 1015 1006 1058 eam
1026 996 1198 1079 repuditsse
1214 996 1270 1060 Vi·

132 1125 196 1169 rum
220 1125 365 1189 magnum
389 1105 581 1169 contendam.
609 1105 725 1172 Verum
741 1129 830 1192 quam
847 1109 1020 1194 saepissime
1043 1111 1075 1173 in
1099 1110 1155 1174 alia
1171 1112 1272 1175 omnia

134 1242 200 1285 eum
222 1221 378 1286 discedere
400 1243 489 1285 nemo
511 1223 623 1286 nescit.
650 1221 740 1294 Quod
758 1245 825 1288 cnm
843 1223 915 1287 alias
931 1223 1178 1308 deprehenditur,
1203 1230 1268 1289 tum

133 1356 285 1420 uunquam
307 1337 510 1421 frequentius,
542 1358 630 1420 quam
654 1335 707 1400 ubi
735 1338 877 1401 adversus
899 1337 1064 1422 Receptam
1087 1358 1157 1403 cum
1189 1335 1270 1402 Con·

133 1451 311 1536 tubnpiansi
330 1451 502 1515 testimonia
524 1451 711 1535 conjungere
734 1451 867 1534 videbat,
886 1471 962 1536 quos
984 1452 1017 1515 in
1041 1451 1159 1517 deliciis
1181 1451 1269 1517 habe·

133 1563 191 1647 bat,
219 1565 317 1631 (lodd.
353 1565 417 1631 Vct.
438 1570 469 1630 et
490 1566 683 1630 Parisinum.
1077 1567 1080 1576 ’
1249 1576 1251 1582 “

176 1903 262 1977 Quid
284 1900 402 1970 multa?
448 1903 550 1969 Nemo
573 1903 659 1968 facile
683 1904 769 1968 tsntt
791 1901 915 1967 solertit
939 1901 1108 1986 reperietur
1122 1899 1266 1980 hariolus,
1326 1955 1328 1960 .

133 2021 182 2105 qui
206 2042 245 2086 ex
268 2020 442 2084 memoratis
464 2017 502 2082 ab
524 2020 686 2104 Angoro
707 2018 874 2084 editionum
896 2015 1111 2081 nonnullarum
1129 2014 1270 2078 lectioni·

135 2131 200 2212 bus,
224 2133 299 2217 quid
321 2133 448 2198 testium
471 2130 580 2194 classes
602 2132 666 2196 sive
696 2131 826 2196 familiae
855 2129 1018 2216 legendum
1044 2129 1266 2205 commendent,

133 2248 263 2334 singulis
293 2247 369 2312 locis
399 2251 482 2310 certo
512 2245 608 2330 possit
637 2245 754 2309 efficere
780 2245 910 2328 judicio.
958 2244 1000 2308 ldt
1021 2240 1107 2308 vero
1122 2243 1188 2326 ipsa
1216 2241 1269 2306 illa

129 2362 339 2447 familiarum,
364 2362 397 2424 in
425 2381 499 2445 quas
521 2364 617 2445 testes
637 2359 807 2437 discedunt,
834 2357 996 2441 descriptio
1020 2378 1055 2420 ac
1077 2354 1266 2433 distributio,

132 2477 270 2560 quamvis
299 2474 384 2539 utilis
406 2495 441 2539 ac
469 2473 652 2548 necessaria,
683 2472 819 2535 nondum
850 2492 915 2534 eam
947 2469 1036 2534 habet
1067 2470 1268 2548 evidentiam,

131 2610 206 2674 quae
231 2587 429 2674 multiplicem
453 2587 695 2652 doctissimorum
719 2605 907 2670 quorumque
930 2584 1115 2649 (triticorum
1138 2584 1186 2648 vel
1208 2585 1268 2648 dis·

131 2706 301 2768 sensionem
325 2704 465 2768 excludat
488 2703 535 2767 vel
559 2701 800 2766 fluctuationem.
834 2697 905 2769 Quo
922 2699 1020 2783 magis
1038 2697 1145 2764 haruin
1164 2718 1266 2763 rerum

129 2819 287 2896 studiosis,
311 2819 365 2903 qui
387 2838 459 2894 suo,
482 2838 544 2881 non
569 2815 667 2880 alieno
687 2814 805 2899 judicio
828 2819 907 2877 stare
930 2812 1041 2888 velint,
1064 2813 1096 2876 id
1115 2813 1266 2898 agendum

126 2940 174 2997 est
198 2953 234 2997 ac
257 2932 480 3017 quaerendum,
505 2936 542 2995 nt
563 2929 693 3015 singulis
715 2948 784 2992 oum
808 2925 977 2993 (lodicibus
1000 2928 1186 3010 caeterisque
1207 2932 1266 2991 tes·

124 3045 225 3123 tibus,
252 3047 420 3130 praecipuis
442 3047 564 3132 quidem
586 3047 649 3110 illis
671 3051 760 3130 atque
783 3044 1018 3129 antiquissimis,
1036 3044 1180 3107 interiore
1195 3064 1268 3107 cou-

122 3162 230 3224 tractt
251 3160 373 3237 notitit,
399 3180 504 3224 eorum
526 3159 669 3244 ingenia,
691 3158 724 3221 id
748 3162 795 3220 est
817 3177 886 3221 oum
910 3153 988 3219 bona
1011 3161 1077 3220 tum
1100 3156 1185 3233 sitia,
1213 3179 1267 3220 ao·

121 3275 266 3340 curatius
288 3294 471 3359 cognoscere
494 3273 622 3357 discant.
669 3272 738 3337 Hac
767 3272 831 3336 solt
861 3273 942 3335 enim
972 3271 1195 3356 disquisitionis
1216 3272 1268 3336 via
1370 3335 1372 3341 ,

123 3409 237 3453 eorum
259 3389 433 3452 testimonia
454 3369 549 3472 aequi
570 3386 656 3452 lance
682 3386 868 3472 ponderandi
899 3383 1072 3450 facultatem
1095 3384 1154 3449 sibi
1183 3407 1266 3449 com·

106 3501 280 3589 parabunt
298 3503 468 3588 judiciique
491 3503 689 3567 celeritatem.
890 3506 893 3511 '

176 3616 249 3688 Quo
269 3617 366 3702 pluris
387 3618 485 3702 igitur
506 3617 791 3702 praestantissimam
816 3614 894 3678 hanc
916 3614 995 3679 facio
1013 3615 1167 3699 Angeri
1186 3615 1266 3698 Syn-

128 3732 231 3816 opsin‚
256 3752 293 3794 eo
326 3731 424 3815 magis
445 3732 610 3815 optaverim
633 3735 671 3795 ut
692 3730 800 3803 anau,
826 3730 852 3793 si
875 3748 964 3811 quam
987 3726 1129 3813 evulgare
1157 3729 1265 3813 possit,

130 3844 202 3910 libri
226 3844 377 3922 editione,
399 3844 437 3908 ad
466 3866 548 3925 eum,
583 3865 673 3928 quem
704 3844 786 3920 dixi,
817 3842 939 3907 modum
961 3841 1157 3927 supplendam
1180 3850 1268 3908 curet

133 3960 368 4035 runcationem,
392 3979 491 4043 neque
513 3959 640 4044 amplius
664 3959 890 4043 praecipuorum
915 3957 1039 4022 testium
1062 3959 1188 4022 nomino
1213 3957 1266 4021 de·

134 4074 256 4137 sidenri
286 4075 428 4158 patiatur.
477 4073 567 4145 Quod
591 4095 687 4158 neque
710 4073 767 4157 ipsi
792 4072 868 4136 Viro
895 4071 1070 4136 doctissimo
1099 4071 1266 4155 displicitu-

136 4207 202 4251 rum
227 4209 292 4252 esse
315 4189 476 4254 consilium
501 4187 597 4255 habeo
619 4188 700 4272 quod
734 4185 893 4252 confidam.
949 4185 1071 4249 Etenim
1101 4205 1182 4250 nunc
1202 4183 1265 4268 jam

135 4342 281 4359 Μ

169 4440 205 4503 (1)
223 4440 245 4490 Ι.
261 4456 293 4501 e,
310 4440 337 4489 ni
356 4439 438 4500 fallor,
457 4454 510 4490 non
526 4440 580 4491 siue
597 4438 716 4502 religiost
736 4452 765 4488 ac
782 4438 979 4503 prudentiamne
994 4436 1120 4486 cautione.
