2782 4958
543 341 598 384 usu
622 340 726 385 rusca.
1132 326 1197 390 215

64 512 166 589 tibus,
193 513 372 578 Litterarum
397 508 599 573 monumentis
620 506 747 572 obsoleti
777 509 851 592 quid
878 515 924 574 est
945 513 1034 594 atque
1063 508 1196 590 horridi,

63 627 150 710 quod
172 648 189 690 a
210 625 339 691 lectione
360 622 472 688 multos
491 621 620 686 deterret
642 626 775 706 posteros
791 625 849 707 (1).
875 625 934 687 Nec
958 623 1197 689 Gellertium

62 746 143 826 puto
174 746 264 823 atque
294 737 584 822 Adelnngium,
619 734 680 800 huc
709 736 735 799 si
759 737 836 801 forte
864 759 900 802 ex
932 743 1027 802 morte
1049 737 1194 813 reduces,

61 876 157 939 quarn
179 853 268 919 hodic
291 853 494 919 (immusicum
520 850 689 937 appellant,
713 849 802 936 plane
822 851 948 915 candem
970 873 1035 916 eam
1062 849 1198 937 lingnam

62 967 223 1035 habituros
252 989 315 1034 esse
348 973 437 1051 atque
468 966 643 1052 agnituros,
675 966 726 1030 cui
757 964 937 1031 excolendae
964 964 1197 1032 laudatissimam

63 1083 141 1150 olim
168 1089 296 1168 uterque
325 1104 445 1169 operam
475 1080 595 1146 dederat
620 1085 651 1145 et
680 1079 870 1144 industriam.
906 1116 949 1128 -
983 1081 1084 1166 Longe
1112 1079 1199 1146 aliter

62 1219 139 1265 vero
169 1216 267 1263 sermo
290 1201 478 1282 comparatus
500 1200 563 1273 est,
596 1195 651 1278 qui
675 1193 836 1278 aliqnando
858 1198 889 1260 ct
905 1194 1047 1261 ¹cultioris
1068 1194 1199 1280 alicujus

62 1312 174 1399 populi
195 1313 315 1396 atejus
336 1311 518 1396 scriptorum
540 1331 598 1375 usu
620 1309 712 1374 tritus
734 1312 816 1383 crat,
847 1307 1003 1393 paullatim
1030 1314 1131 1376 autem
1159 1332 1198 1374 cx

62 1427 186 1513 vulgari
219 1425 379 1491 hominum
412 1425 477 1491 rita
511 1425 634 1488 recessit
666 1443 701 1487 ac
729 1421 865 1487 sublatus
894 1428 951 1488 est.
999 1424 1084 1490 illius
1116 1447 1198 1490 nnnc

60 1543 166 1608 clausa
187 1546 232 1607 est
253 1546 285 1607 et
307 1541 450 1626 temporis
472 1539 672 1604 diuturnitate
702 1538 896 1604 determinata
923 1540 1120 1616 litteratura,
1145 1540 1197 1604 de-

61 1658 153 1723 finita
188 1655 350 1720 uerborum
385 1653 637 1738 locutionumque
665 1657 819 1738 potestas,
855 1655 1020 1718 constituta
1056 1655 1199 1719 orationis

61 1769 269 1836 informandae
299 1769 376 1834 ratio
404 1768 540 1854 legitima
562 1789 596 1832 ac
623 1772 782 1833 structura.
827 1767 949 1832 Etiamsi
970 1768 1051 1832 enim
1073 1769 1127 1852 qui
1160 1769 1198 1832 ad

63 1884 237 1970 incognitas
259 1883 332 1950 olim
354 1905 402 1950 res
423 1883 614 1949 declarandas
636 1905 699 1948 eam
713 1882 855 1948 adhibere
870 1882 960 1965 velit,
977 1905 1055 1950 nora
1068 1884 1198 1950 subinde

63 1996 211 2064 vocabula
232 1997 393 2082 quaedam,
415 1996 551 2064 tccbnica
571 1996 740 2082 imprimis,
764 1995 847 2060 illius
869 1995 1022 2082 analogiae
1037 2003 1198 2080 quantum·

64 2119 137 2198 pote
157 2116 371 2196 attemperata,
401 2111 565 2197 prudenter
595 2111 629 2175 in
651 2133 715 2176 eam
738 2110 848 2176 inferre
870 2111 984 2195 possit3
1009 2148 1053 2160 —
1076 2112 1197 2198 integro

64 2230 168 2291 tamen
190 2229 281 2310 atque
306 2223 423 2292 illibato
455 2225 488 2290 id
521 2225 550 2290 ei
580 2224 750 2290 faciendum
771 2228 818 2289 est
839 2224 998 2302 universo,
1030 2246 1091 2308 quo
1125 2224 1197 2291 baec

62 2341 254 2428 potissimum
284 2339 392 2427 lingua
418 2340 568 2416 semitm,
604 2339 725 2404 dicendi
755 2359 867 2424 genere
897 2360 933 2403 ac
964 2339 1194 2407 consuetudine.

62 2457 139 2521 Nam
161 2453 247 2520 nullo
268 2475 331 2519 non
352 2459 486 2540 tempore
507 2454 648 2530 eandem,
670 2453 708 2519 ad
731 2457 962 2536 quamnostram
978 2459 1197 2540 qnantumpotc

60 2568 261 2653 scriptionem
287 2589 500 2654 componamus
523 2573 613 2651 atque
636 2567 809 2652 exigamus,
839 2587 974 2632 normam
997 2566 1139 2634 habemus
1161 2591 1197 2634 ao

62 2679 221 2766 regulam,
252 2681 345 2747 nullis
367 2681 495 2768 amplius
517 2679 762 2747 conversionibus
784 2680 964 2760 obnoxiam,
995 2681 1028 2746 id
1050 2687 1095 2748 est
1117 2685 1196 2769 opti·

61 2815 182 2858 morum
199 2814 408 2880 quorumque,
428 2795 482 2879 qui
499 2796 657 2861 florentem
676 2815 740 2860 eam
763 2793 836 2859 olim
857 2795 977 2881 scriptis
994 2796 1122 2881 quisque
1133 2799 1199 2862 suis

62 2907 283 2985 excoluerunt,
314 2915 472 2976 auctorum
498 2909 682 2995 exemplum.
730 2909 846 2985 Quibus
875 2932 1059 2996 consequens
1082 2917 1127 2977 est
1159 2919 1196 2978 ut

61 3043 140 3106 qnae
162 3044 245 3088 nnnc
266 3025 338 3089 satis
360 3024 454 3110 proba
466 3045 523 3089 nec
539 3024 661 3088 inficetd
677 3024 834 3089 Latinitate
856 3024 974 3089 chartae
994 3025 1195 3108 mandaveris,

61 3138 159 3202 totius
181 3136 308 3222 alicujus
330 3136 427 3202 seculi
447 3135 626 3218 intervallo,
658 3113 780 3200 eandem
809 3137 937 3220 posteris
958 3138 1101 3202 neumatis
1121 3139 1195 3203 riri-

61 3250 186 3317 ditatem
209 3250 347 3316 habitura
369 3252 445 3331 sint,
471 3273 560 3336 quam
583 3272 616 3315 ea
638 3249 726 3314 nobis
748 3248 871 3327 habent,
893 3272 968 3334 qnae
986 3251 1194 3317 eodemmodo

60 3370 153 3450 atque
184 3366 289 3432 eddom
319 3365 447 3452 linguat,
477 3367 710 3431 instauratorum
737 3366 895 3430 Sacrorum
916 3369 1049 3449 tempore
1072 3387 1089 3430 a
1115 3365 1194 3431 Cal-

60 3480 176 3556 vino,
200 3479 505 3546 ldelanchtbone
526 3480 650 3564 aliisque
669 3479 827 3544 memoriae
846 3478 1060 3563 suntprodita.
1085 3478 1194 3545 Contra

60 3591 198 3678 quolibet
219 3592 367 3659 hodierno
387 3615 523 3659 sermone
545 3594 571 3658 si
593 3599 646 3658 tna
668 3591 902 3680 consignaveris,
927 3592 1063 3674 quamvis
1074 3591 1193 3678 elegan-

61 3714 109 3773 ter
130 3711 305 3786 enuntiata,
327 3708 451 3774 inventa
473 3729 506 3772 ac
528 3707 715 3789 sententias,
738 3710 914 3789 anteaquam
925 3703 1061 3768 seculum
1072 3703 1194 3782 abierit,

61 3820 196 3886 obsoleta
218 3823 378 3909 nepotibus
401 3824 472 3890 libri
495 3825 542 3889 tui
565 3824 658 3889 dictio
680 3822 851 3906 videbitur,
886 3821 974 3887 stilus
1000 3823 1191 3906 antiquatuS,

60 3939 163 4002 minus
185 3937 266 4004 culta
288 3941 384 4005 oratio
407 3936 467 4026 (d).
505 3940 579 4004 Cum
595 3938 764 4004 academici
784 3942 885 4003 autem
900 3958 997 4002 sacrae
1017 3936 1195 4023 disciplinae

59 4067 211 4080 “u—-OE

94 4139 131 4202 (ll
148 4139 226 4191 vido.
254 4153 320 4206 quaa
343 4140 374 4191 de
398 4138 525 4192 Hooftii
548 4138 670 4204 operibus
688 4145 713 4190 et
735 4137 894 4188 Vendelii
920 4134 1076 4186 carminibus
1092 4139 1192 4188 monuit

59 4230 96 4284 M.
114 4232 327 4296 Siegenbcelrz
353 4233 462 4284 Procnen
484 4249 530 4284 van
549 4230 739 4308 chcrdus'treie
760 4228 912 4281 Diedtlcande
936 4229 973 4278 uir
993 4227 1022 4279 de
1043 4230 1191 4282 secessiones

59 4341 132 4384 ccum,
149 4327 255 4390 praefat.
272 4344 297 4393 p.
316 4324 460 4380 XXXVII.

93 4419 132 4482 (2)
150 4417 256 4472 »Lerina
274 4418 355 4485 linquo
372 4436 416 4472 non
432 4417 533 4486 onrplius
554 4417 636 4485 populi
653 4418 753 4486 ulirnjus
771 4415 867 4481 imperio
888 4415 984 4480 repitur,
1004 4422 1045 4466 out
1064 4429 1094 4464 ca·
1110 4413 1191 4467 orubi-
