2782 4958
600 347 655 390 usu
678 346 788 400 aaron.
928 362 936 391 i
1195 329 1259 392 itt

173 631 217 696 iix
239 629 340 707 dictis,
366 627 476 712 quibus
498 626 555 692 alia
576 650 639 693 uon
662 649 754 714 pauca
776 627 845 693 addi
862 632 1037 713 potuerant,
1054 627 1168 693 nullam
1191 631 1262 694 satis

125 767 251 832 gravem
282 766 343 808 esse
374 764 506 826 caussam
533 749 665 828 apparet,
699 764 775 826 quae
797 747 915 808 nostrae
943 747 1022 807 certe
1049 742 1201 807 doctrinae
1225 764 1263 806 ex

126 859 286 925 auditoriis
317 860 518 923 Romanorum
551 857 714 922 excludere
736 878 904 922 sermonem
934 858 1064 923 studeat.
1112 858 1198 933 Quod
1221 858 1264 922 ita

125 977 228 1038 tamen
251 972 379 1048 affirmo,
406 975 441 1036 ut
462 992 518 1056 pro
539 971 702 1051 Pastoruti,
728 993 804 1055 quae
827 970 916 1036 hodie
939 977 1075 1049 vocatur,
1103 970 1266 1055 Picolcqc'd

126 1087 265 1174 populari
293 1087 395 1172 potius
425 1086 533 1174 lingui.
560 1086 706 1152 tradendi
740 1085 827 1172 plura
849 1086 948 1151 afferri
975 1107 1067 1170 posse.
1089 1088 1265 1171 argumenta

126 1201 215 1266 facilc
239 1202 412 1267 concedam.
460 1203 645 1284 Quamquam
671 1201 708 1265 de
730 1200 843 1286 insigni
865 1196 949 1263 iilius
971 1203 1073 1283 parte,
1104 1199 1136 1263 id
1159 1204 1205 1264 cst
1227 1198 1264 1263 de

127 1316 335 1392 Humilem,
360 1316 473 1381 natue
504 1317 616 1400 scripti
639 1320 729 1399 atque
752 1314 834 1379 edica
861 1313 993 1398 optimae
1014 1312 1113 1399 frugis
1136 1313 1266 1379 Institu-

129 1431 211 1496 tione
232 1413 366 1496 Orutcrc‘a
388 1431 480 1505 eccm,
504 1428 813 1514 Van-chgelius
835 1429 931 1513 magis
953 1428 1111 1512 perspicue
1131 1449 1166 1491 ac
1185 1426 1267 1492 dilu-

128 1544 197 1608 cide
218 1541 303 1608 illius
325 1542 488 1628 explicavit
517 1547 686 1629 praecepta,
709 1563 799 1627 quam
822 1539 913 1606 multi
940 1541 1078 1617 iecerint,
1109 1542 1163 1625 qui
1193 1544 1266 1607 Ger·

123 1658 239 1723 moerico
271 1658 353 1721 idem
385 1662 515 1743 egerunt
545 1655 610 1744 (1).
658 1659 779 1737 Verum,
815 1659 853 1721 eii
885 1660 1026 1742 exceptis,
1066 1678 1142 1740 quae
1172 1656 1267 1742 magis

125 1771 290 1836 domestica
324 1771 421 1836 videri
455 1776 555 1857 potest
588 1792 623 1836 aa
652 1770 824 1856 popularis,
849 1771 1007 1848 doctrind,
1033 1771 1156 1856 paucis,
1188 1791 1263 1855 age,

124 1885 284 1950 videamus
305 1907 343 1950 ex
366 1909 417 1966 eo,
444 1908 533 1971 quem
557 1908 612 1973 pro
634 1887 716 1953 uirili
738 1891 823 1971 parte
846 1889 925 1951 tueri
951 1907 1106 1961 conamur,
1134 1885 1264 1950 docendi

127 2024 212 2068 more
236 2003 290 2086 qui
312 2001 427 2066 fructus
449 2007 480 2066 ct
501 2003 534 2066 iu
550 2003 645 2086 ipsam
661 2000 832 2066 redundent
846 2000 1066 2067 institutionem
1090 2000 1265 2084 I'lacolcpiae

128 2117 324 2182 academicam
354 2120 385 2181 et
414 2117 447 2179 iu
481 2124 613 2182 nostram
646 2115 823 2202 singulatim
854 2115 1001 2182 Patriam.
1058 2114 1124 2190 Quo
1153 2115 1264 2179 certius

125 2231 214 2298 vobis
228 2235 356 2307 constet,
375 2230 464 2295 amici
486 2229 641 2296 Lectores!
659 2251 734 2315 quae
750 2230 787 2296 de
802 2230 954 2295 tradendis
969 2229 1080 2294 artium
1095 2227 1264 2314 disciplinis

126 2347 267 2411 univorsa
289 2349 443 2410 monentes
465 2345 549 2410 Viros
571 2345 741 2410 audivimus
762 2344 1040 2431 praestantissimos,
1070 2364 1104 2408 aa
1131 2343 1169 2407 ad
1194 2341 1265 2407 nui-

125 2457 187 2524 Iam
209 2459 323 2544 potius,
349 2480 438 2542 quam
460 2459 498 2524 ad
521 2463 652 2523 nostram
674 2457 752 2523 hanc
774 2481 836 2525 esse
859 2457 1034 2544 applicanda
1057 2456 1265 2543 gravissimam

126 2573 306 2638 doctrinam.

172 2689 214 2752 oe
229 2689 294 2772 ipa
309 2688 405 2772 igitur
419 2688 444 2751 si
460 2687 632 2772 quaerimus
647 2686 839 2753 irradiatione
853 2684 1033 2762 academica&
1049 2684 1265 2771 perspicacium

122 2802 157 2865 in
180 2802 285 2885 paucis
312 2799 363 2865 hic
385 2801 603 2886 praejudicium
626 2799 769 2866 habemus
789 2799 1025 2886 Theologorum,
1051 2821 1180 2883 quorum
1203 2821 1265 2865 non

123 2912 204 2978 nulii
227 2936 316 2998 quam
332 2919 458 2980 strenue
474 2916 584 2981 avitam
599 2916 857 3001 propugnaverint
872 2913 999 2979 docendi
1017 2915 1266 2980 consuetudinem

123 3051 215 3115 supra
246 3031 463 3116 comperimus,
490 3029 663 3114 quibusque
695 3029 769 3095 alios
799 3029 929 3108 multos,
961 3051 1024 3094 uon
1052 3030 1167 3094 minore
1195 3031 1265 3113 jura

126 3144 292 3210 celebratus
312 3167 374 3222 eos,
392 3144 479 3230 plane
502 3145 658 3209 assensisse
680 3145 832 3209 novimus.
870 3147 929 3208 Hos
946 3144 1026 3208 enim
1043 3165 1113 3208 suae
1136 3143 1196 3225 illi,
1213 3144 1263 3208 cui

125 3258 307 3325 excolendae
319 3261 411 3325 vitam
424 3261 559 3343 viresque
571 3259 786 3344 impenderant,
798 3258 951 3322 doctrinae
966 3256 1040 3340 quid
1052 3257 1101 3323 vel
1115 3257 1266 3343 prodesset

125 3372 175 3437 vel
198 3373 314 3440 obesset
332 3373 424 3460 probe
447 3375 580 3457 scivisse,
614 3380 645 3439 et
673 3373 748 3458 quid
773 3373 920 3439 sentirent
942 3373 1071 3438 cundIde
1093 3395 1128 3438 ac
1150 3375 1264 3439 sincere

124 3486 183 3552 sibi
215 3488 419 3573 profitendum
449 3491 590 3574 putasse,
624 3510 712 3554 nemo
742 3487 829 3553 facile
859 3488 973 3552 infitias
1013 3488 1112 3553 iturus
1138 3492 1193 3554 cst.
1221 3525 1263 3536 -

130 3651 301 3663 Μ

130 3774 223 3838 1848),
246 3775 320 3839 impr.
338 3789 363 3838 p.
381 3778 414 3823 to
432 3788 487 3838 sqq.
521 3771 575 3824 Nec
599 3774 752 3838 negligenda
770 3789 835 3839 quae
859 3776 924 3826 dixit
949 3774 1156 3839 elegantissimos
1182 3773 1214 3824 Ε.
1232 3774 1266 3825 F.

126 3865 415 3927 Wucstcmannus,
435 3881 512 3932 quem
535 3868 610 3918 etiam
636 3869 719 3933 ipsum
737 3882 820 3933 nuper
845 3869 898 3919 fato
914 3869 1032 3920 iunctum
1055 3882 1111 3920 esse
1132 3868 1264 3931 dolemus,

125 3960 159 4011 ad
176 3960 346 4012 Frederici
364 3959 533 4021 Jacobsii,
559 3962 770 4025 praestantissimi
795 3961 925 4025 Philologi
950 3958 1073 4021 Gothani‚
1097 3959 1263 4022 unaarum,

126 4069 152 4120 p.
171 4058 202 4104 69
221 4067 276 4118 sqq.
306 4054 357 4106 Ubi
374 4061 470 4106 rectam
488 4060 636 4119 castamque
649 4054 814 4106 Latinitatem
830 4055 910 4117 magis
923 4054 1041 4104 umvcrst
1059 4055 1128 4107 cerni
1142 4055 1264 4107 orationis

126 4147 344 4205 conformatione,
362 4162 440 4212 quam
458 4147 620 4211 singulorum
638 4162 686 4197 usu
705 4148 897 4208 vocabulorum,
917 4152 1033 4198 accurate
1050 4146 1132 4197 docet.

162 4238 200 4300 (1)
220 4238 313 4290 Postea
331 4247 417 4290 tamen
443 4237 598 4290 Hamilco‘ccn
621 4239 778 4290 commodius
797 4240 935 4291 vernaculi
958 4220 1047 4303 tingui
1068 4239 1164 4304 exponi
1189 4253 1266 4304 possa

130 4424 226 4486 (Arnh.
249 4424 321 4492 1851)
340 4441 364 4490 p.
382 4423 459 4476 VIII.
