2782 4958
125 307 189 372 lta
516 328 555 368 oa
579 327 679 370 nunna
703 328 866 370 uaruscrrs

132 502 251 579 captum
276 515 309 557 ac
333 494 501 566 detentum,
527 495 619 558 nimis
642 495 732 581 longe
755 499 868 580 positos
897 496 972 559 milri
996 497 1071 560 fines
1094 518 1143 561 me
1167 518 1315 583 egres-

98 628 104 636 ¹
133 631 199 672 suin
223 631 298 690 esse,
324 609 434 692 majore
457 609 582 672 forsitan
611 610 681 692 jure
710 607 857 692 objicient
879 610 942 673 alii.
991 610 1144 682 Quocirca
1167 611 1307 684 atilli

134 745 267 788 caussam
298 729 481 809 cognoscant
511 728 542 786 et
571 724 602 786 hi
634 724 734 787 velim.
781 723 934 795 Quoniam
963 726 1059 810 igitur
1081 724 1293 809 amplissimo

133 861 169 902 ex
200 843 380 924 argumento
414 860 508 922 pauca
543 844 659 902 tantum
696 837 832 902 delibare·
859 845 1012 922 poteram,
1046 838 1125 903 nihil
1160 839 1200 902 de
1234 861 1280 902 eo

133 953 270 1039 Erepetd
301 955 376 1033 dixi,
410 951 487 1016 nihil
516 952 553 1015 de
584 952 773 1038 Apolopetd,
807 976 898 1038 quem
930 955 1049 1040 vulgari
1079 976 1115 1018 ac
1145 955 1275 1039 proprio

132 1089 274 1132 vocamus
296 1089 363 1143 usu,
387 1067 463 1130 nihil
487 1067 524 1129 de
556 1066 686 1132 Doctore
715 1067 837 1152 publico
860 1077 890 1131 et
913 1070 1097 1133 academico.
1148 1068 1191 1131 Et
1214 1067 1266 1131 alia

133 1183 198 1265 ejus
221 1183 331 1265 scripta
363 1183 476 1244 intacta
507 1180 616 1264 reliqui
648 1187 679 1244 et
701 1183 912 1267 gravissimum
937 1206 971 1246 ae
990 1183 1059 1265 jure
1082 1181 1265 1246 celebratum

132 1317 218 1380 opus,
243 1316 304 1379 quo
328 1297 363 1359 ad
388 1295 502 1360 Christi
526 1296 688 1360 Societatis
711 1299 859 1381 originem
883 1305 972 1381 atque
986 1295 1171 1360 incunabula
1186 1317 1264 1380 spec·

132 1411 223 1496 tanda
247 1433 302 1474 nos
325 1413 367 1474 ita
392 1411 527 1489 adduxit,
554 1416 589 1474 ut
612 1433 680 1475 cum
705 1412 762 1476 alia
785 1415 911 1497 cognitu
934 1413 1026 1497 digna
1050 1393 1188 1491 doceret,
1205 1417 1265 1475 tum

133 1527 170 1588 de
193 1527 407 1611 Apostolorum
431 1527 592 1609 imprimis,
610 1525 706 1603 Petri,
726 1518 872 1604 Joaaate,
899 1528 1021 1602 Jacobt',
1049 1528 1181 1590 maxime
1201 1547 1265 1590 vero

133 1639 252 1719 Paulli,
279 1639 449 1703 charactere
473 1646 503 1702 et
525 1641 624 1703 indole
649 1663 709 1703 non
733 1663 826 1725 pauca
850 1644 924 1704 scite
953 1648 1042 1724 atque
1066 1642 1188 1705 utiliter
1211 1662 1266 1704 mo·

134 1833 286 1843 ——u-——a

134 1993 210 2042 quam
228 1980 272 2028 diu
290 1987 347 2028 ante
364 1988 496 2029 curaverat
513 1981 540 2029 J.
561 1980 691 2042 Meijer,
710 1979 800 2030 Theoi.
825 1980 900 2029 Doct.
922 1989 946 2029 et
964 1980 1079 2029 Antiates
1099 1977 1271 2042 Beetgumeu·

136 2075 181 2128 sis;
202 2071 327 2138 Groning.
350 2080 421 2123 1840.
444 2080 517 2124 1841.
535 2076 561 2123 ΙΙ
580 2075 678 2124 Tomis.

168 2165 199 2215 In
217 2167 313 2224 multis,
333 2182 397 2230 quae
417 2169 515 2231 publice
534 2170 648 2230 proditae
667 2176 735 2225 sunt,
755 2170 838 2232 operis
857 2171 970 2217 censuris
988 2168 1034 2216 hac
1053 2167 1124 2225 mihi,
1145 2167 1224 2215 variis
1241 2166 1272 2215 de

135 2262 240 2321 caussis,
263 2264 446 2326 praecaeteris
471 2263 646 2312 memorabiles
666 2263 731 2311 visae
758 2272 825 2311 suut.
861 2263 959 2311 Relatio
978 2263 1003 2310 iu
1026 2258 1125 2311 Woori.
1143 2259 1169 2308 in
1188 2257 1273 2322 Liesde

135 2357 167 2406 ad
183 2371 207 2404 a·
228 2361 300 2404 1839.
320 2363 343 2404 2.
361 2371 385 2419 p.
401 2358 543 2404 act-tat.
579 2353 630 2403 Ubi
648 2353 706 2401 libri
724 2361 903 2416 argumentum
919 2355 1019 2416 copioso
1038 2352 1177 2400 admodum
1197 2359 1273 2413 atque

137 2449 254 2496 universe
272 2457 387 2497 accurato
406 2449 516 2511 explicet
538 2447 565 2497 J.
584 2447 688 2496 Busch
706 2445 832 2495 Keiaer.
852 2471 885 2482 -
907 2447 987 2496 Binae
1004 2447 1068 2495 aliae
1085 2447 1112 2494 in
1129 2442 1231 2494 Studien
1248 2460 1271 2491 a.

136 2537 259 2597 Kritilcea,
279 2543 310 2589 ad
328 2557 350 2590 a.
373 2546 446 2589 1840.
468 2546 492 2588 3.
511 2558 536 2605 p.
556 2544 700 2597 tri-735,
720 2540 780 2588 itern
797 2555 821 2602 p.
839 2543 887 2588 736
903 2554 955 2602 sqq.
980 2537 1030 2587 Ubi
1045 2539 1160 2602 impense
1179 2536 1273 2586 librum

135 2631 402 2682 laudantesaudimus
412 2633 439 2683 J.
457 2632 487 2684 C.
505 2631 699 2683 Osiandrum
716 2639 741 2682 et
763 2632 839 2681 Dan.
858 2631 1102 2684 Schenkelium3
1122 2632 1167 2680 sed
1184 2631 1228 2690 ita,
1246 2638 1274 2679 ut

136 2732 228 2773 neuter
244 2724 368 2774 Auctoris
397 2725 589 2790 Sceptieismum
615 2725 761 2774 historicum
779 2725 854 2787 plane
879 2725 986 2787 probare
1008 2724 1132 2771 videatur.
1158 2749 1192 2758 -
1211 2723 1275 2784 Qni-

137 2818 245 2868 buscum
269 2820 295 2868 in
322 2820 408 2869 multis
434 2819 531 2868 Censor
548 2820 688 2876 consentit,
715 2821 741 2867 in
760 2819 937 2868 Tholuckii
961 2816 1010 2866 Lit.
1036 2816 1168 2880 Anaeiper,
1194 2817 1226 2864 ad
1249 2831 1273 2864 e.

141 2915 215 2970 1841,
242 2910 288 2960 ΝΟ.
305 2917 336 2959 42
364 2926 417 2975 sqq.
453 2911 613 2974 Quamquam
632 2922 657 2961 et
674 2913 769 2962 ordinis
793 2912 988 2960 concinnitatem
1006 2909 1112 2958 subinde
1136 2909 1275 2957 desiderari

113 2999 119 3013 “
139 3005 180 3053 hic
204 3007 304 3068 arguit,
331 3023 378 3056 uec
402 3008 548 3056 criticorum
576 3003 871 3056 Schleiermacheri
895 3002 1046 3066 placitorum
1072 3014 1187 3050 amorem
1211 3001 1276 3050 libro

139 3097 263 3160 profuisse
282 3098 422 3161 significati
453 3098 530 3157 Turn,
550 3099 723 3147 doctissimum
744 3082 811 3145 hunc
828 3096 849 3146 si
870 3096 942 3144 audis
963 3109 992 3142 eo
1013 3093 1208 3144 subtilissimum
1230 3093 1276 3157 ju-

137 3191 228 3249 dicem,
247 3192 280 3240 ad
299 3191 407 3240 Domini
426 3194 503 3240 vitam
527 3192 702 3240 illustrandum
722 3190 852 3246 locorum,
875 3195 1027 3251 temporum,
1046 3201 1147 3235 morum
1165 3202 1276 3238 consue·

136 3285 305 3347 tudinumque
322 3294 464 3334 accuratam
484 3287 607 3335 rationem
631 3297 683 3333 non
708 3283 825 3332 habuisse
843 3281 1011 3337 Historiam,
1038 3280 1115 3329 valde
1137 3280 1277 3330 dolendum

137 3383 183 3426 est.
203 3401 235 3412 ·-
261 3376 315 3426 Nec
339 3378 497 3426 consuluisse
522 3391 674 3440 quemquam
699 3375 836 3439 poenitebit
858 3373 889 3422 L.
912 3372 1070 3430 Peltium‚
1087 3373 1115 3421 in
1139 3371 1276 3421 Reateri

138 3467 230 3533 allpem.
247 3468 343 3535 Repert.
369 3472 400 3519 ad
429 3487 463 3519 m.
485 3469 592 3520 Januar.
622 3475 698 3527 1849,
728 3485 753 3532 p.
775 3474 806 3518 26
827 3483 880 3532 sqq.
917 3466 1077 3529 Quamquam
1099 3468 1130 3514 do
1154 3466 1274 3528 Euangg.

140 3561 271 3629 ἀκριβείᾳ
289 3579 319 3613 ac
337 3564 473 3612 veracitate
489 3564 695 3612 honorificentius
715 3576 755 3611 mc
776 3564 877 3620 sentire,
898 3575 973 3624 quam
991 3560 1143 3619 Peltium‚
1167 3574 1222 3609 uon
1240 3567 1277 3608 est

141 3660 209 3720 quod
224 3658 341 3708 diffitear.
567 3724 568 3729 1

175 3750 340 3800 Brevioribus
358 3752 384 3799 in
402 3752 460 3800 libri
476 3753 589 3801 censuris
614 3752 688 3800 binae
705 3748 903 3800 Nederlandieae
921 3749 1097 3798 memorandae
1117 3754 1192 3804 sunt,
1212 3763 1275 3812 qua·

142 3860 200 3894 rum
219 3845 307 3903 altera,
327 3851 430 3894 anctore
447 3845 473 3894 J.
490 3844 519 3894 J.
539 3858 598 3893 van
623 3842 809 3901 Costeraee‚
829 3850 912 3892 exstat
937 3842 963 3889 in
985 3857 1026 3904 op.
1045 3838 1135 3888 Jcorb.
1153 3839 1199 3889 der
1226 3839 1278 3890 We·

140 3938 226 3988 tonsol.
252 3935 332 3986 Theoi.
351 3938 387 3988 II.
414 3943 437 3986 2.
458 3953 483 4000 p.
504 3943 554 3986 430
575 3953 623 4000 sq.;
647 3961 680 3974 -
702 3938 796 3993 altera,
823 3934 1100 3997 auctore-Anonymo‚
1126 3935 1153 3982 in
1177 3931 1277 3998 Godqel.

142 4032 225 4098 Bijdr.
244 4035 275 4082 ad
293 4048 318 4085 a.
341 4037 413 4090 1841,
432 4047 459 4094 p.
482 4036 531 4083 379
550 4046 614 4094 sqq,
636 4030 686 4079 stili
703 4038 779 4092 atque
794 4030 916 4078 orationis
936 4029 963 4076 in
981 4028 1183 4076 conforrnatione
1199 4027 1279 4076 multa

142 4127 184 4175 hic
201 4127 407 4189 reprehendenda
423 4134 502 4188 putat.

149 4265 152 4269 .
177 4218 268 4269 Sedet
285 4220 325 4268 hic
344 4226 369 4268 et
385 4221 479 4268 caeteri
496 4233 599 4277 omnes,
616 4232 679 4281 quos
704 4217 837 4267 consulere
855 4216 917 4264 mibi
935 4216 1054 4277 contigit,
1072 4214 1133 4264 libri
1154 4210 1279 4263 Censores

143 4312 197 4372 ejus
224 4315 285 4362 vitiu
309 4330 355 4378 per·
380 4316 446 4363 bona
469 4328 498 4361 ac
523 4314 630 4362 virtutes
652 4313 750 4360 abunde
777 4310 951 4373 compensari,
979 4310 1040 4371 quin
1063 4309 1138 4371 longe
1164 4306 1279 4371 superari

144 4405 314 4453 consentiunt.
