<?xml version="1.0" encoding="UTF-8"?>
<!DOCTYPE html PUBLIC "-//W3C//DTD XHTML 1.0 Transitional//EN"
    "http://www.w3.org/TR/xhtml1/DTD/xhtml1-transitional.dtd">
<html xmlns="http://www.w3.org/1999/xhtml" xml:lang="en" lang="en">
 <head>
  <title>
</title>
<meta http-equiv="Content-Type" content="text/html;charset=utf-8" />
  <meta name='ocr-system' content='tesseract 3.04.00' />
  <meta name='ocr-capabilities' content='ocr_page ocr_carea ocr_par ocr_line ocrx_word'/>
</head>
<body>
  <div class='ocr_page' id='page_1' title='image "./chartaetheologi00boumgoog_0041.png"; bbox 0 0 2782 4958; ppageno 0'>
   <div class='ocr_carea' id='block_1_1' title="bbox 5 302 752 365">
    <p class='ocr_par' dir='ltr' id='par_1_1' title="bbox 5 302 752 365">
     <span class='ocr_line' id='line_1_1' title="bbox 5 302 752 365; baseline -0.009 0"><span class='ocrx_word' id='word_1_1' title='bbox 5 302 7 306; x_wconf 33' lang='lat'>⁸</span> <span class='ocrx_word' id='word_1_2' title='bbox 124 306 165 365; x_wconf 76' lang='lat'><strong>24</strong></span> <span class='ocrx_word' id='word_1_3' title='bbox 594 316 752 359; x_wconf 78' lang='lat' dir='ltr'><strong>eraaouuu</strong></span> 
     </span>
    </p>
   </div>
   <div class='ocr_carea' id='block_1_2' title="bbox 29 482 1264 911">
    <p class='ocr_par' dir='ltr' id='par_1_2' title="bbox 29 482 1264 798">
     <span class='ocr_line' id='line_1_2' title="bbox 129 482 1259 572; baseline -0.004 -20"><span class='ocrx_word' id='word_1_4' title='bbox 129 487 214 572; x_wconf 87' lang='lat' dir='ltr'><strong>quasi</strong></span> <span class='ocrx_word' id='word_1_5' title='bbox 233 483 363 551; x_wconf 81' lang='lat' dir='ltr'><strong>Criticuc</strong></span> <span class='ocrx_word' id='word_1_6' title='bbox 382 485 558 561; x_wconf 76' lang='lat' dir='ltr'><strong><em>destruenti,</em></strong></span> <span class='ocrx_word' id='word_1_7' title='bbox 581 484 674 549; x_wconf 87' lang='lat' dir='ltr'><strong>veluti</strong></span> <span class='ocrx_word' id='word_1_8' title='bbox 687 482 825 549; x_wconf 80' lang='lat' dir='ltr'><strong>Molocto</strong></span> <span class='ocrx_word' id='word_1_9' title='bbox 842 482 944 560; x_wconf 90' lang='lat' dir='ltr'><strong>alicui,</strong></span> <span class='ocrx_word' id='word_1_10' title='bbox 959 483 1049 548; x_wconf 90' lang='lat' dir='ltr'><strong>hodie</strong></span> <span class='ocrx_word' id='word_1_11' title='bbox 1065 483 1113 548; x_wconf 88' lang='lat' dir='ltr'><strong>vel</strong></span> <span class='ocrx_word' id='word_1_12' title='bbox 1128 485 1259 549; x_wconf 73' lang='lat' dir='ltr'><strong>maxiem</strong></span> 
     </span>
     <span class='ocr_line' id='line_1_3' title="bbox 129 597 1262 687; baseline -0.001 -22"><span class='ocrx_word' id='word_1_13' title='bbox 129 599 291 687; x_wconf 80' lang='lat' dir='ltr'><strong>perdendis</strong></span> <span class='ocrx_word' id='word_1_14' title='bbox 308 599 407 663; x_wconf 83' lang='lat' dir='ltr'><strong>Sacris</strong></span> <span class='ocrx_word' id='word_1_15' title='bbox 425 598 553 662; x_wconf 78' lang='lat' dir='ltr'><strong>Litteris</strong></span> <span class='ocrx_word' id='word_1_16' title='bbox 576 597 718 679; x_wconf 83' lang='lat' dir='ltr'><strong>inhianti,</strong></span> <span class='ocrx_word' id='word_1_17' title='bbox 748 600 900 684; x_wconf 86' lang='lat' dir='ltr'><strong>insignem</strong></span> <span class='ocrx_word' id='word_1_18' title='bbox 923 599 1014 684; x_wconf 89' lang='lat' dir='ltr'><strong>hujus</strong></span> <span class='ocrx_word' id='word_1_19' title='bbox 1033 598 1177 664; x_wconf 88' lang='lat' dir='ltr'><strong>historiae</strong></span> <span class='ocrx_word' id='word_1_20' title='bbox 1192 621 1262 684; x_wconf 89' lang='lat' dir='ltr'><strong>par·</strong></span> 
     </span>
     <span class='ocr_line' id='line_1_4' title="bbox 29 713 1264 798; baseline -0.001 -19"><span class='ocrx_word' id='word_1_21' title='bbox 29 786 31 793; x_wconf 54' lang='grc'>,</span> <span class='ocrx_word' id='word_1_22' title='bbox 131 723 194 783; x_wconf 90' lang='lat' dir='ltr'><strong>tem</strong></span> <span class='ocrx_word' id='word_1_23' title='bbox 217 714 416 778; x_wconf 82' lang='lat' dir='ltr'><strong>devorandam</strong></span> <span class='ocrx_word' id='word_1_24' title='bbox 439 713 601 778; x_wconf 81' lang='lat' dir='ltr'><strong>concedere</strong></span> <span class='ocrx_word' id='word_1_25' title='bbox 625 713 711 777; x_wconf 89' lang='lat' dir='ltr'><strong>velit.</strong></span> <span class='ocrx_word' id='word_1_26' title='bbox 758 714 817 777; x_wconf 79' lang='lat' dir='ltr'><strong>Sed</strong></span> <span class='ocrx_word' id='word_1_27' title='bbox 840 734 911 777; x_wconf 88' lang='lat' dir='ltr'><strong>mox</strong></span> <span class='ocrx_word' id='word_1_28' title='bbox 937 714 1043 798; x_wconf 88' lang='lat' dir='ltr'><strong>pedem</strong></span> <span class='ocrx_word' id='word_1_29' title='bbox 1069 715 1203 778; x_wconf 79' lang='lat' dir='ltr'><strong>reterens</strong></span> <span class='ocrx_word' id='word_1_30' title='bbox 1229 735 1264 778; x_wconf 90' lang='lat' dir='ltr'><strong>ac</strong></span> 
     </span>
    </p>

    <p class='ocr_par' dir='ltr' id='par_1_3' title="bbox 133 826 1263 911">
     <span class='ocr_line' id='line_1_5' title="bbox 133 826 1263 911; baseline -0.002 -18"><span class='ocrx_word' id='word_1_31' title='bbox 133 830 210 892; x_wconf 89' lang='lat' dir='ltr'><strong>dona</strong></span> <span class='ocrx_word' id='word_1_32' title='bbox 233 828 433 906; x_wconf 87' lang='lat' dir='ltr'><strong>revindicans,</strong></span> <span class='ocrx_word' id='word_1_33' title='bbox 455 828 499 890; x_wconf 90' lang='lat' dir='ltr'><strong>ita</strong></span> <span class='ocrx_word' id='word_1_34' title='bbox 522 826 755 911; x_wconf 86' lang='lat' dir='ltr'><strong>disputationem</strong></span> <span class='ocrx_word' id='word_1_35' title='bbox 777 827 948 902; x_wconf 82' lang='lat' dir='ltr'><strong>concludit,</strong></span> <span class='ocrx_word' id='word_1_36' title='bbox 968 833 1002 892; x_wconf 85' lang='lat' dir='ltr'><strong>ut</strong></span> <span class='ocrx_word' id='word_1_37' title='bbox 1022 849 1081 892; x_wconf 90' lang='lat' dir='ltr'><strong>nou</strong></span> <span class='ocrx_word' id='word_1_38' title='bbox 1099 827 1263 891; x_wconf 85' lang='lat' dir='ltr'><strong>admodum</strong></span> 
     </span>
    </p>
   </div>
   <div class='ocr_carea' id='block_1_3' title="bbox 132 941 1265 1361">
    <p class='ocr_par' dir='ltr' id='par_1_4' title="bbox 132 941 1265 1361">
     <span class='ocr_line' id='line_1_6' title="bbox 133 941 1264 1028; baseline 0 -21"><span class='ocrx_word' id='word_1_39' title='bbox 133 943 243 1020; x_wconf 89' lang='lat' dir='ltr'><strong>multa,</strong></span> <span class='ocrx_word' id='word_1_40' title='bbox 265 942 355 1028; x_wconf 92' lang='lat' dir='ltr'><strong>longe</strong></span> <span class='ocrx_word' id='word_1_41' title='bbox 377 942 518 1027; x_wconf 81' lang='lat' dir='ltr'><strong>pauciora</strong></span> <span class='ocrx_word' id='word_1_42' title='bbox 537 948 635 1019; x_wconf 87' lang='lat' dir='ltr'><strong>certe,</strong></span> <span class='ocrx_word' id='word_1_43' title='bbox 651 963 742 1025; x_wconf 90' lang='lat' dir='ltr'><strong>quam</strong></span> <span class='ocrx_word' id='word_1_44' title='bbox 765 947 1008 1026; x_wconf 82' lang='lat' dir='ltr'><strong>exspectaveras,</strong></span> <span class='ocrx_word' id='word_1_45' title='bbox 1023 943 1075 1005; x_wconf 92' lang='lat' dir='ltr'><strong>isti</strong></span> <span class='ocrx_word' id='word_1_46' title='bbox 1096 942 1144 1006; x_wconf 88' lang='lat' dir='ltr'><strong>vel</strong></span> <span class='ocrx_word' id='word_1_47' title='bbox 1174 941 1264 1007; x_wconf 65' lang='lat' dir='ltr'><strong>atri·</strong></span> 
     </span>
     <span class='ocr_line' id='line_1_7' title="bbox 133 1054 1263 1139; baseline -0.002 -17"><span class='ocrx_word' id='word_1_48' title='bbox 133 1080 184 1122; x_wconf 85' lang='lat' dir='ltr'><strong>cao</strong></span> <span class='ocrx_word' id='word_1_49' title='bbox 207 1056 255 1121; x_wconf 89' lang='lat' dir='ltr'><strong>vel</strong></span> <span class='ocrx_word' id='word_1_50' title='bbox 278 1056 418 1121; x_wconf 85' lang='lat' dir='ltr'><strong>Molocbo</strong></span> <span class='ocrx_word' id='word_1_51' title='bbox 441 1056 610 1120; x_wconf 88' lang='lat' dir='ltr'><strong>devoranda</strong></span> <span class='ocrx_word' id='word_1_52' title='bbox 633 1056 850 1139; x_wconf 89' lang='lat' dir='ltr'><strong>relinquantur.</strong></span> <span class='ocrx_word' id='word_1_53' title='bbox 896 1055 1026 1118; x_wconf 79' lang='lat' dir='ltr'><strong>Tantum</strong></span> <span class='ocrx_word' id='word_1_54' title='bbox 1051 1054 1128 1138; x_wconf 91' lang='lat' dir='ltr'><strong>apud</strong></span> <span class='ocrx_word' id='word_1_55' title='bbox 1141 1066 1263 1139; x_wconf 83' lang='lat' dir='ltr'><strong>pectus,</strong></span> 
     </span>
     <span class='ocr_line' id='line_1_8' title="bbox 132 1168 1265 1256; baseline -0.004 -20"><span class='ocrx_word' id='word_1_56' title='bbox 132 1193 274 1256; x_wconf 75' lang='lat' dir='ltr'><strong>praeroso</strong></span> <span class='ocrx_word' id='word_1_57' title='bbox 292 1171 437 1235; x_wconf 81' lang='lat' dir='ltr'><strong>incoctum</strong></span> <span class='ocrx_word' id='word_1_58' title='bbox 448 1171 577 1247; x_wconf 76' lang='lat' dir='ltr'><strong>loricato,</strong></span> <span class='ocrx_word' id='word_1_59' title='bbox 594 1170 674 1254; x_wconf 89' lang='lat' dir='ltr'><strong>quod</strong></span> <span class='ocrx_word' id='word_1_60' title='bbox 689 1169 854 1250; x_wconf 82' lang='lat' dir='ltr'><strong>Thenio,</strong></span> <span class='ocrx_word' id='word_1_61' title='bbox 877 1171 903 1233; x_wconf 91' lang='lat' dir='ltr'><strong>si</strong></span> <span class='ocrx_word' id='word_1_62' title='bbox 919 1171 968 1233; x_wconf 91' lang='lat' dir='ltr'><strong>cui</strong></span> <span class='ocrx_word' id='word_1_63' title='bbox 987 1170 1048 1245; x_wconf 87' lang='lat' dir='ltr'><strong>alii,</strong></span> <span class='ocrx_word' id='word_1_64' title='bbox 1065 1168 1265 1234; x_wconf 90' lang='lat' dir='ltr'><strong>tribuendum</strong></span> 
     </span>
     <span class='ocr_line' id='line_1_9' title="bbox 134 1282 1145 1361; baseline 0.001 -12"><span class='ocrx_word' id='word_1_65' title='bbox 134 1292 189 1361; x_wconf 88' lang='lat' dir='ltr'><strong>est,</strong></span> <span class='ocrx_word' id='word_1_66' title='bbox 217 1285 280 1349; x_wconf 89' lang='lat' dir='ltr'><strong>reri</strong></span> <span class='ocrx_word' id='word_1_67' title='bbox 303 1305 407 1349; x_wconf 89' lang='lat' dir='ltr'><strong>sensus</strong></span> <span class='ocrx_word' id='word_1_68' title='bbox 428 1282 508 1348; x_wconf 86' lang='lat' dir='ltr'><strong>valet</strong></span> <span class='ocrx_word' id='word_1_69' title='bbox 531 1305 564 1347; x_wconf 90' lang='lat' dir='ltr'><strong>ac</strong></span> <span class='ocrx_word' id='word_1_70' title='bbox 586 1285 773 1350; x_wconf 86' lang='lat' dir='ltr'><strong>Litterarum</strong></span> <span class='ocrx_word' id='word_1_71' title='bbox 794 1286 950 1350; x_wconf 77' lang='lat' dir='ltr'><strong>sacrarum</strong></span> <span class='ocrx_word' id='word_1_72' title='bbox 974 1285 1145 1352; x_wconf 81' lang='lat' dir='ltr'><strong>veneratiol</strong></span> 
     </span>
    </p>
   </div>
   <div class='ocr_carea' id='block_1_4' title="bbox 132 1510 1266 2276">
    <p class='ocr_par' dir='ltr' id='par_1_5' title="bbox 132 1510 1266 2276">
     <span class='ocr_line' id='line_1_10' title="bbox 179 1510 1265 1598; baseline -0.003 -22"><span class='ocrx_word' id='word_1_73' title='bbox 179 1513 257 1576; x_wconf 81' lang='lat' dir='ltr'><strong>Tum</strong></span> <span class='ocrx_word' id='word_1_74' title='bbox 281 1512 318 1575; x_wconf 91' lang='lat' dir='ltr'><strong>de</strong></span> <span class='ocrx_word' id='word_1_75' title='bbox 342 1513 547 1576; x_wconf 81' lang='lat' dir='ltr'><strong>coniectorum</strong></span> <span class='ocrx_word' id='word_1_76' title='bbox 570 1513 618 1576; x_wconf 89' lang='lat' dir='ltr'><strong>vel</strong></span> <span class='ocrx_word' id='word_1_77' title='bbox 639 1513 741 1598; x_wconf 88' lang='lat' dir='ltr'><strong>potius</strong></span> <span class='ocrx_word' id='word_1_78' title='bbox 763 1513 943 1577; x_wconf 86' lang='lat' dir='ltr'><strong>relectorum</strong></span> <span class='ocrx_word' id='word_1_79' title='bbox 959 1532 994 1574; x_wconf 90' lang='lat' dir='ltr'><strong>ac</strong></span> <span class='ocrx_word' id='word_1_80' title='bbox 1012 1510 1265 1574; x_wconf 86' lang='lat' dir='ltr'><strong>concinnatorum</strong></span> 
     </span>
     <span class='ocr_line' id='line_1_11' title="bbox 132 1624 1266 1710; baseline -0.004 -19"><span class='ocrx_word' id='word_1_81' title='bbox 132 1625 240 1691; x_wconf 90' lang='lat' dir='ltr'><strong>horum</strong></span> <span class='ocrx_word' id='word_1_82' title='bbox 263 1624 409 1691; x_wconf 90' lang='lat' dir='ltr'><strong>librorum</strong></span> <span class='ocrx_word' id='word_1_83' title='bbox 441 1632 573 1710; x_wconf 89' lang='lat' dir='ltr'><strong>tempore</strong></span> <span class='ocrx_word' id='word_1_84' title='bbox 599 1633 629 1690; x_wconf 93' lang='lat' dir='ltr'><strong>et</strong></span> <span class='ocrx_word' id='word_1_85' title='bbox 650 1627 717 1691; x_wconf 89' lang='lat' dir='ltr'><strong>loco</strong></span> <span class='ocrx_word' id='word_1_86' title='bbox 743 1633 775 1690; x_wconf 90' lang='lat' dir='ltr'><strong>et</strong></span> <span class='ocrx_word' id='word_1_87' title='bbox 807 1632 930 1690; x_wconf 89' lang='lat' dir='ltr'><strong>auctore</strong></span> <span class='ocrx_word' id='word_1_88' title='bbox 959 1625 1162 1708; x_wconf 84' lang='lat' dir='ltr'><strong>disputantem</strong></span> <span class='ocrx_word' id='word_1_89' title='bbox 1192 1643 1266 1687; x_wconf 87' lang='lat' dir='ltr'><strong>eum</strong></span> 
     </span>
     <span class='ocr_line' id='line_1_12' title="bbox 132 1736 1265 1824; baseline -0.004 -20"><span class='ocrx_word' id='word_1_90' title='bbox 132 1739 281 1804; x_wconf 91' lang='lat' dir='ltr'><strong>audimus.</strong></span> <span class='ocrx_word' id='word_1_91' title='bbox 332 1738 417 1811; x_wconf 78' lang='lat' dir='ltr'><strong>Quae</strong></span> <span class='ocrx_word' id='word_1_92' title='bbox 441 1737 524 1802; x_wconf 91' lang='lat' dir='ltr'><strong>illius</strong></span> <span class='ocrx_word' id='word_1_93' title='bbox 547 1739 771 1823; x_wconf 87' lang='lat' dir='ltr'><strong>disquisitiones</strong></span> <span class='ocrx_word' id='word_1_94' title='bbox 801 1761 889 1824; x_wconf 85' lang='lat' dir='ltr'><strong>quam</strong></span> <span class='ocrx_word' id='word_1_95' title='bbox 913 1739 1118 1802; x_wconf 86' lang='lat' dir='ltr'><strong>demonstrant</strong></span> <span class='ocrx_word' id='word_1_96' title='bbox 1144 1736 1265 1820; x_wconf 88' lang='lat' dir='ltr'><strong>ingenii</strong></span> 
     </span>
     <span class='ocr_line' id='line_1_13' title="bbox 134 1849 1264 1937; baseline -0.005 -19"><span class='ocrx_word' id='word_1_97' title='bbox 134 1853 317 1918; x_wconf 86' lang='lat' dir='ltr'><strong>alacritatem</strong></span> <span class='ocrx_word' id='word_1_98' title='bbox 340 1858 429 1937; x_wconf 87' lang='lat' dir='ltr'><strong>atque</strong></span> <span class='ocrx_word' id='word_1_99' title='bbox 453 1853 592 1916; x_wconf 88' lang='lat' dir='ltr'><strong>eximiam</strong></span> <span class='ocrx_word' id='word_1_100' title='bbox 618 1854 721 1917; x_wconf 88' lang='lat' dir='ltr'><strong>tenuia</strong></span> <span class='ocrx_word' id='word_1_101' title='bbox 742 1851 883 1916; x_wconf 87' lang='lat' dir='ltr'><strong>historiae</strong></span> <span class='ocrx_word' id='word_1_102' title='bbox 900 1851 950 1915; x_wconf 88' lang='lat' dir='ltr'><strong>fila</strong></span> <span class='ocrx_word' id='word_1_103' title='bbox 975 1849 1192 1934; x_wconf 86' lang='lat' dir='ltr'><strong>conjungendi¹</strong></span> <span class='ocrx_word' id='word_1_104' title='bbox 1213 1871 1264 1912; x_wconf 91' lang='lat' dir='ltr'><strong>so·</strong></span> 
     </span>
     <span class='ocr_line' id='line_1_14' title="bbox 135 1958 1266 2048; baseline -0.001 -19"><span class='ocrx_word' id='word_1_105' title='bbox 135 1965 264 2044; x_wconf 88' lang='lat' dir='ltr'><strong>lertiam,</strong></span> <span class='ocrx_word' id='word_1_106' title='bbox 290 1965 416 2048; x_wconf 89' lang='lat' dir='ltr'><strong>iniquus</strong></span> <span class='ocrx_word' id='word_1_107' title='bbox 442 1985 512 2029; x_wconf 90' lang='lat' dir='ltr'><strong>sane</strong></span> <span class='ocrx_word' id='word_1_108' title='bbox 538 1965 580 2028; x_wconf 88' lang='lat' dir='ltr'><strong>sit</strong></span> <span class='ocrx_word' id='word_1_109' title='bbox 602 1966 655 2048; x_wconf 92' lang='lat' dir='ltr'><strong>qui</strong></span> <span class='ocrx_word' id='word_1_110' title='bbox 678 1986 738 2028; x_wconf 92' lang='lat' dir='ltr'><strong>non</strong></span> <span class='ocrx_word' id='word_1_111' title='bbox 755 1958 858 2028; x_wconf 91' lang='lat' dir='ltr'><strong>laudet</strong></span> <span class='ocrx_word' id='word_1_112' title='bbox 879 1985 913 2027; x_wconf 91' lang='lat' dir='ltr'><strong>ac</strong></span> <span class='ocrx_word' id='word_1_113' title='bbox 934 1965 1097 2047; x_wconf 88' lang='lat' dir='ltr'><strong>praedicet.</strong></span> <span class='ocrx_word' id='word_1_114' title='bbox 1144 1962 1266 2028; x_wconf 88' lang='lat' dir='ltr'><strong>Verum</strong></span> 
     </span>
     <span class='ocr_line' id='line_1_15' title="bbox 133 2074 1266 2162; baseline -0.001 -21"><span class='ocrx_word' id='word_1_115' title='bbox 133 2099 172 2141; x_wconf 89' lang='lat' dir='ltr'><strong>ne</strong></span> <span class='ocrx_word' id='word_1_116' title='bbox 194 2077 246 2141; x_wconf 87' lang='lat' dir='ltr'><strong>hlc</strong></span> <span class='ocrx_word' id='word_1_117' title='bbox 267 2078 389 2161; x_wconf 90' lang='lat' dir='ltr'><strong>quidem</strong></span> <span class='ocrx_word' id='word_1_118' title='bbox 412 2099 446 2141; x_wconf 91' lang='lat' dir='ltr'><strong>ea</strong></span> <span class='ocrx_word' id='word_1_119' title='bbox 468 2078 589 2157; x_wconf 86' lang='lat' dir='ltr'><strong>desunt,</strong></span> <span class='ocrx_word' id='word_1_120' title='bbox 615 2099 691 2162; x_wconf 87' lang='lat' dir='ltr'><strong>quae</strong></span> <span class='ocrx_word' id='word_1_121' title='bbox 712 2077 759 2142; x_wconf 88' lang='lat' dir='ltr'><strong>rel</strong></span> <span class='ocrx_word' id='word_1_122' title='bbox 781 2100 834 2162; x_wconf 90' lang='lat' dir='ltr'><strong>per</strong></span> <span class='ocrx_word' id='word_1_123' title='bbox 858 2098 889 2141; x_wconf 88' lang='lat' dir='ltr'><strong>se</strong></span> <span class='ocrx_word' id='word_1_124' title='bbox 911 2099 973 2140; x_wconf 92' lang='lat' dir='ltr'><strong>non</strong></span> <span class='ocrx_word' id='word_1_125' title='bbox 992 2077 1076 2142; x_wconf 82' lang='lat' dir='ltr'><strong>ualde</strong></span> <span class='ocrx_word' id='word_1_126' title='bbox 1098 2074 1266 2160; x_wconf 87' lang='lat' dir='ltr'><strong>probabilia</strong></span> 
     </span>
     <span class='ocr_line' id='line_1_16' title="bbox 135 2188 1266 2276; baseline 0 -22"><span class='ocrx_word' id='word_1_127' title='bbox 135 2191 207 2268; x_wconf 90' lang='lat' dir='ltr'><strong>sint,</strong></span> <span class='ocrx_word' id='word_1_128' title='bbox 231 2190 280 2255; x_wconf 89' lang='lat' dir='ltr'><strong>vel</strong></span> <span class='ocrx_word' id='word_1_129' title='bbox 302 2192 370 2256; x_wconf 88' lang='lat' dir='ltr'><strong>aliis</strong></span> <span class='ocrx_word' id='word_1_130' title='bbox 391 2212 459 2255; x_wconf 90' lang='lat' dir='ltr'><strong>cum</strong></span> <span class='ocrx_word' id='word_1_131' title='bbox 480 2192 623 2256; x_wconf 83' lang='lat' dir='ltr'><strong>auctoris·</strong></span> <span class='ocrx_word' id='word_1_132' title='bbox 636 2193 727 2256; x_wconf 92' lang='lat' dir='ltr'><strong>dictis</strong></span> <span class='ocrx_word' id='word_1_133' title='bbox 741 2214 802 2256; x_wconf 91' lang='lat' dir='ltr'><strong>non</strong></span> <span class='ocrx_word' id='word_1_134' title='bbox 821 2193 934 2276; x_wconf 88' lang='lat' dir='ltr'><strong>optime</strong></span> <span class='ocrx_word' id='word_1_135' title='bbox 958 2193 1130 2255; x_wconf 86' lang='lat' dir='ltr'><strong>concinant.</strong></span> <span class='ocrx_word' id='word_1_136' title='bbox 1156 2188 1266 2255; x_wconf 88' lang='lat' dir='ltr'><strong>Veluti</strong></span> 
     </span>
    </p>
   </div>
   <div class='ocr_carea' id='block_1_5' title="bbox 9 2304 1263 2392">
    <p class='ocr_par' dir='ltr' id='par_1_6' title="bbox 9 2304 1263 2392">
     <span class='ocr_line' id='line_1_17' title="bbox 9 2304 1263 2392; baseline -0.002 -22"><span class='ocrx_word' id='word_1_137' title='bbox 9 2369 13 2378; x_wconf 85' lang='grc'>,</span> <span class='ocrx_word' id='word_1_138' title='bbox 135 2305 235 2370; x_wconf 82' lang='lat' dir='ltr'><strong>exsilii</strong></span> <span class='ocrx_word' id='word_1_139' title='bbox 266 2313 400 2392; x_wconf 90' lang='lat' dir='ltr'><strong>tempore</strong></span> <span class='ocrx_word' id='word_1_140' title='bbox 423 2329 440 2370; x_wconf 92' lang='lat' dir='ltr'><strong>a</strong></span> <span class='ocrx_word' id='word_1_141' title='bbox 463 2308 550 2391; x_wconf 90' lang='lat' dir='ltr'><strong>regni</strong></span> <span class='ocrx_word' id='word_1_142' title='bbox 578 2306 702 2371; x_wconf 79' lang='lat' dir='ltr'><strong>ludaici</strong></span> <span class='ocrx_word' id='word_1_143' title='bbox 731 2308 815 2387; x_wconf 88' lang='lat' dir='ltr'><strong>cire,</strong></span> <span class='ocrx_word' id='word_1_144' title='bbox 847 2305 1065 2390; x_wconf 90' lang='lat' dir='ltr'><strong>Prophetarum</strong></span> <span class='ocrx_word' id='word_1_145' title='bbox 1092 2304 1263 2388; x_wconf 87' lang='lat' dir='ltr'><strong>discipulo,</strong></span> 
     </span>
    </p>
   </div>
   <div class='ocr_carea' id='block_1_6' title="bbox 96 2419 1299 4445">
    <p class='ocr_par' dir='ltr' id='par_1_7' title="bbox 96 2419 1299 4445">
     <span class='ocr_line' id='line_1_18' title="bbox 135 2419 1266 2505; baseline 0 -21"><span class='ocrx_word' id='word_1_146' title='bbox 135 2427 219 2485; x_wconf 83' lang='lat' dir='ltr'><strong>extra</strong></span> <span class='ocrx_word' id='word_1_147' title='bbox 241 2422 380 2505; x_wconf 84' lang='lat' dir='ltr'><strong>patriam,</strong></span> <span class='ocrx_word' id='word_1_148' title='bbox 401 2422 526 2484; x_wconf 83' lang='lat' dir='ltr'><strong>fortasse</strong></span> <span class='ocrx_word' id='word_1_149' title='bbox 542 2422 573 2484; x_wconf 91' lang='lat' dir='ltr'><strong>iu</strong></span> <span class='ocrx_word' id='word_1_150' title='bbox 589 2419 758 2504; x_wconf 79' lang='lat' dir='ltr'><strong>Babylonit</strong></span> <span class='ocrx_word' id='word_1_151' title='bbox 773 2419 914 2505; x_wconf 86' lang='lat' dir='ltr'><strong>degenti,</strong></span> <span class='ocrx_word' id='word_1_152' title='bbox 936 2419 1057 2504; x_wconf 75' lang='lat' dir='ltr'><strong>Rapum</strong></span> <span class='ocrx_word' id='word_1_153' title='bbox 1069 2419 1174 2500; x_wconf 83' lang='lat' dir='ltr'><strong>libros,</strong></span> <span class='ocrx_word' id='word_1_154' title='bbox 1191 2440 1266 2502; x_wconf 90' lang='lat' dir='ltr'><strong>qua·</strong></span> 
     </span>
     <span class='ocr_line' id='line_1_19' title="bbox 133 2523 1264 2618; baseline -0.001 -20"><span class='ocrx_word' id='word_1_155' title='bbox 133 2535 177 2598; x_wconf 87' lang='lat' dir='ltr'><strong>les</strong></span> <span class='ocrx_word' id='word_1_156' title='bbox 201 2555 283 2598; x_wconf 89' lang='lat' dir='ltr'><strong>nunc</strong></span> <span class='ocrx_word' id='word_1_157' title='bbox 301 2534 423 2618; x_wconf 89' lang='lat' dir='ltr'><strong>quidem</strong></span> <span class='ocrx_word' id='word_1_158' title='bbox 444 2556 496 2597; x_wconf 86' lang='lat' dir='ltr'><strong>eos</strong></span> <span class='ocrx_word' id='word_1_159' title='bbox 518 2533 680 2611; x_wconf 91' lang='lat' dir='ltr'><strong>habemus,</strong></span> <span class='ocrx_word' id='word_1_160' title='bbox 696 2535 850 2598; x_wconf 91' lang='lat' dir='ltr'><strong>ordinatos</strong></span> <span class='ocrx_word' id='word_1_161' title='bbox 865 2555 900 2597; x_wconf 90' lang='lat' dir='ltr'><strong>ac</strong></span> <span class='ocrx_word' id='word_1_162' title='bbox 919 2523 1100 2617; x_wconf 84' lang='lat' dir='ltr'><strong>compositos</strong></span> <span class='ocrx_word' id='word_1_163' title='bbox 1115 2554 1180 2596; x_wconf 88' lang='lat' dir='ltr'><strong>esse</strong></span> <span class='ocrx_word' id='word_1_164' title='bbox 1195 2534 1264 2618; x_wconf 91' lang='lat' dir='ltr'><strong>opi·</strong></span> 
     </span>
     <span class='ocr_line' id='line_1_20' title="bbox 134 2638 1265 2731; baseline -0.001 -20"><span class='ocrx_word' id='word_1_165' title='bbox 134 2653 233 2713; x_wconf 86' lang='lat' dir='ltr'><strong>natur.</strong></span> <span class='ocrx_word' id='word_1_166' title='bbox 279 2638 361 2712; x_wconf 83' lang='lat' dir='ltr'><strong>Esto</strong></span> <span class='ocrx_word' id='word_1_167' title='bbox 378 2669 459 2712; x_wconf 88' lang='lat' dir='ltr'><strong>sane.</strong></span> <span class='ocrx_word' id='word_1_168' title='bbox 505 2648 621 2712; x_wconf 77' lang='lat' dir='ltr'><strong>Basilii</strong></span> <span class='ocrx_word' id='word_1_169' title='bbox 635 2648 715 2711; x_wconf 88' lang='lat' dir='ltr'><strong>euim</strong></span> <span class='ocrx_word' id='word_1_170' title='bbox 738 2651 945 2731; x_wconf 85' lang='lat' dir='ltr'><strong>tempestatem</strong></span> <span class='ocrx_word' id='word_1_171' title='bbox 962 2647 1055 2722; x_wconf 88' lang='lat' dir='ltr'><strong>illam,</strong></span> <span class='ocrx_word' id='word_1_172' title='bbox 1071 2667 1161 2729; x_wconf 89' lang='lat' dir='ltr'><strong>quam</strong></span> <span class='ocrx_word' id='word_1_173' title='bbox 1177 2668 1265 2711; x_wconf 87' lang='lat' dir='ltr'><strong>saeva</strong></span> 
     </span>
     <span class='ocr_line' id='line_1_21' title="bbox 134 2758 1264 2846; baseline -0.003 -19"><span class='ocrx_word' id='word_1_174' title='bbox 134 2763 194 2827; x_wconf 88' lang='lat' dir='ltr'><strong>init</strong></span> <span class='ocrx_word' id='word_1_175' title='bbox 223 2765 349 2828; x_wconf 83' lang='lat' dir='ltr'><strong>miserae</strong></span> <span class='ocrx_word' id='word_1_176' title='bbox 379 2761 564 2827; x_wconf 78' lang='lat' dir='ltr'><strong>ludaeorum</strong></span> <span class='ocrx_word' id='word_1_177' title='bbox 594 2761 789 2846; x_wconf 85' lang='lat' dir='ltr'><strong>Reipublicae</strong></span> <span class='ocrx_word' id='word_1_178' title='bbox 813 2758 967 2837; x_wconf 68' lang='lat' dir='ltr'><strong>deletrix,</strong></span> <span class='ocrx_word' id='word_1_179' title='bbox 989 2767 1050 2826; x_wconf 88' lang='lat' dir='ltr'><strong>tam</strong></span> <span class='ocrx_word' id='word_1_180' title='bbox 1084 2761 1264 2824; x_wconf 78' lang='lat' dir='ltr'><strong>foecundam</strong></span> 
     </span>
     <span class='ocr_line' id='line_1_22' title="bbox 96 2874 1266 2960; baseline -0.002 -20"><span class='ocrx_word' id='word_1_181' title='bbox 96 2874 97 2877; x_wconf 62' lang='grc'>’</span> <span class='ocrx_word' id='word_1_182' title='bbox 134 2877 227 2940; x_wconf 85' lang='lat' dir='ltr'><strong>luisse</strong></span> <span class='ocrx_word' id='word_1_183' title='bbox 251 2897 285 2940; x_wconf 91' lang='lat' dir='ltr'><strong>ac</strong></span> <span class='ocrx_word' id='word_1_184' title='bbox 307 2875 437 2940; x_wconf 84' lang='lat' dir='ltr'><strong>fertilem</strong></span> <span class='ocrx_word' id='word_1_185' title='bbox 459 2875 672 2960; x_wconf 89' lang='lat' dir='ltr'><strong>pulcherrimis</strong></span> <span class='ocrx_word' id='word_1_186' title='bbox 689 2875 857 2959; x_wconf 83' lang='lat' dir='ltr'><strong>quibusque</strong></span> <span class='ocrx_word' id='word_1_187' title='bbox 874 2897 977 2939; x_wconf 89' lang='lat' dir='ltr'><strong>eorum</strong></span> <span class='ocrx_word' id='word_1_188' title='bbox 996 2874 1082 2938; x_wconf 91' lang='lat' dir='ltr'><strong>libris</strong></span> <span class='ocrx_word' id='word_1_189' title='bbox 1105 2875 1266 2938; x_wconf 86' lang='lat' dir='ltr'><strong>efferendis</strong></span> 
     </span>
     <span class='ocr_line' id='line_1_23' title="bbox 134 2987 1263 3074; baseline -0.001 -21"><span class='ocrx_word' id='word_1_190' title='bbox 134 2996 277 3065; x_wconf 86' lang='lat' dir='ltr'><strong>matrem,</strong></span> <span class='ocrx_word' id='word_1_191' title='bbox 300 2989 387 3052; x_wconf 89' lang='lat' dir='ltr'><strong>facile</strong></span> <span class='ocrx_word' id='word_1_192' title='bbox 403 2987 462 3052; x_wconf 87' lang='lat' dir='ltr'><strong>sibi</strong></span> <span class='ocrx_word' id='word_1_193' title='bbox 482 2989 654 3073; x_wconf 88' lang='lat' dir='ltr'><strong>persuaderi</strong></span> <span class='ocrx_word' id='word_1_194' title='bbox 667 2991 825 3072; x_wconf 86' lang='lat' dir='ltr'><strong>patiuntur</strong></span> <span class='ocrx_word' id='word_1_195' title='bbox 839 2990 989 3074; x_wconf 84' lang='lat' dir='ltr'><strong>plerique,</strong></span> <span class='ocrx_word' id='word_1_196' title='bbox 1009 2989 1120 3073; x_wconf 89' lang='lat' dir='ltr'><strong>quibus</strong></span> <span class='ocrx_word' id='word_1_197' title='bbox 1134 2990 1263 3069; x_wconf 89' lang='lat' dir='ltr'><strong>utimur,</strong></span> 
     </span>
     <span class='ocr_line' id='line_1_24' title="bbox 136 3100 1299 3188; baseline -0.002 -22"><span class='ocrx_word' id='word_1_198' title='bbox 136 3101 285 3186; x_wconf 84' lang='lat' dir='ltr'><strong>aequales.</strong></span> <span class='ocrx_word' id='word_1_199' title='bbox 333 3100 449 3165; x_wconf 87' lang='lat' dir='ltr'><strong>Verum</strong></span> <span class='ocrx_word' id='word_1_200' title='bbox 467 3101 544 3166; x_wconf 91' lang='lat' dir='ltr'><strong>banc</strong></span> <span class='ocrx_word' id='word_1_201' title='bbox 566 3103 763 3186; x_wconf 89' lang='lat' dir='ltr'><strong>componendi</strong></span> <span class='ocrx_word' id='word_1_202' title='bbox 782 3100 879 3188; x_wconf 86' lang='lat' dir='ltr'><strong>legem</strong></span> <span class='ocrx_word' id='word_1_203' title='bbox 902 3108 1039 3166; x_wconf 86' lang='lat' dir='ltr'><strong>secutum</strong></span> <span class='ocrx_word' id='word_1_204' title='bbox 1064 3101 1151 3165; x_wconf 91' lang='lat' dir='ltr'><strong>nobis</strong></span> <span class='ocrx_word' id='word_1_205' title='bbox 1171 3102 1265 3165; x_wconf 89' lang='lat' dir='ltr'><strong>iulor·</strong></span> <span class='ocrx_word' id='word_1_206' title='bbox 1292 3111 1299 3114; x_wconf 83' lang='grc'><strong><em>’</em></strong></span> 
     </span>
     <span class='ocr_line' id='line_1_25' title="bbox 135 3215 1266 3301; baseline -0.001 -22"><span class='ocrx_word' id='word_1_207' title='bbox 135 3222 198 3279; x_wconf 90' lang='lat' dir='ltr'><strong>mat</strong></span> <span class='ocrx_word' id='word_1_208' title='bbox 219 3215 438 3300; x_wconf 89' lang='lat' dir='ltr'><strong>Prophetarum</strong></span> <span class='ocrx_word' id='word_1_209' title='bbox 450 3215 534 3280; x_wconf 91' lang='lat' dir='ltr'><strong>illum</strong></span> <span class='ocrx_word' id='word_1_210' title='bbox 558 3220 647 3300; x_wconf 89' lang='lat' dir='ltr'><strong>atque</strong></span> <span class='ocrx_word' id='word_1_211' title='bbox 663 3215 773 3280; x_wconf 82' lang='lat' dir='ltr'><strong>Exsilii</strong></span> <span class='ocrx_word' id='word_1_212' title='bbox 795 3217 963 3294; x_wconf 89' lang='lat' dir='ltr'><strong>alumnum,</strong></span> <span class='ocrx_word' id='word_1_213' title='bbox 979 3223 1015 3280; x_wconf 88' lang='lat' dir='ltr'><strong>ut</strong></span> <span class='ocrx_word' id='word_1_214' title='bbox 1029 3216 1185 3301; x_wconf 83' lang='lat' dir='ltr'><strong>plerasque</strong></span> <span class='ocrx_word' id='word_1_215' title='bbox 1201 3216 1266 3279; x_wconf 89' lang='lat' dir='ltr'><strong>his-</strong></span> 
     </span>
     <span class='ocr_line' id='line_1_26' title="bbox 133 3329 1264 3415; baseline -0.003 -20"><span class='ocrx_word' id='word_1_216' title='bbox 133 3333 228 3396; x_wconf 89' lang='lat' dir='ltr'><strong>toriae</strong></span> <span class='ocrx_word' id='word_1_217' title='bbox 251 3336 366 3415; x_wconf 84' lang='lat' dir='ltr'><strong>partes,</strong></span> <span class='ocrx_word' id='word_1_218' title='bbox 390 3331 492 3415; x_wconf 86' lang='lat' dir='ltr'><strong>quales</strong></span> <span class='ocrx_word' id='word_1_219' title='bbox 515 3331 622 3395; x_wconf 89' lang='lat' dir='ltr'><strong>relatas</strong></span> <span class='ocrx_word' id='word_1_220' title='bbox 645 3353 694 3395; x_wconf 84' lang='lat' dir='ltr'><strong>eas</strong></span> <span class='ocrx_word' id='word_1_221' title='bbox 713 3333 884 3409; x_wconf 88' lang='lat' dir='ltr'><strong>invenerat,</strong></span> <span class='ocrx_word' id='word_1_222' title='bbox 899 3329 975 3394; x_wconf 88' lang='lat' dir='ltr'><strong>tales</strong></span> <span class='ocrx_word' id='word_1_223' title='bbox 986 3331 1074 3415; x_wconf 89' lang='lat' dir='ltr'><strong>plane</strong></span> <span class='ocrx_word' id='word_1_224' title='bbox 1089 3338 1264 3414; x_wconf 87' lang='lat' dir='ltr'><strong>reponeret,</strong></span> 
     </span>
     <span class='ocr_line' id='line_1_27' title="bbox 135 3444 1265 3535; baseline -0.004 -25"><span class='ocrx_word' id='word_1_225' title='bbox 135 3467 169 3510; x_wconf 90' lang='lat' dir='ltr'><strong>ac</strong></span> <span class='ocrx_word' id='word_1_226' title='bbox 191 3467 230 3509; x_wconf 91' lang='lat' dir='ltr'><strong>ne</strong></span> <span class='ocrx_word' id='word_1_227' title='bbox 249 3467 283 3510; x_wconf 90' lang='lat' dir='ltr'><strong>ea</strong></span> <span class='ocrx_word' id='word_1_228' title='bbox 305 3445 426 3530; x_wconf 89' lang='lat' dir='ltr'><strong>quidam</strong></span> <span class='ocrx_word' id='word_1_229' title='bbox 449 3446 588 3510; x_wconf 88' lang='lat' dir='ltr'><strong>mutanda</strong></span> <span class='ocrx_word' id='word_1_230' title='bbox 607 3452 659 3510; x_wconf 89' lang='lat' dir='ltr'><strong>aut</strong></span> <span class='ocrx_word' id='word_1_231' title='bbox 682 3446 812 3511; x_wconf 88' lang='lat' dir='ltr'><strong>tollenda</strong></span> <span class='ocrx_word' id='word_1_232' title='bbox 829 3451 958 3522; x_wconf 89' lang='lat' dir='ltr'><strong>curaret,</strong></span> <span class='ocrx_word' id='word_1_233' title='bbox 981 3462 1057 3528; x_wconf 88' lang='lat' dir='ltr'><strong>quae</strong></span> <span class='ocrx_word' id='word_1_234' title='bbox 1073 3444 1110 3508; x_wconf 88' lang='lat' dir='ltr'><strong>ad</strong></span> <span class='ocrx_word' id='word_1_235' title='bbox 1134 3450 1265 3535; x_wconf 86' lang='lat' dir='ltr'><strong>tempus,</strong></span> 
     </span>
     <span class='ocr_line' id='line_1_28' title="bbox 134 3558 1266 3645; baseline -0.003 -20"><span class='ocrx_word' id='word_1_236' title='bbox 134 3582 194 3645; x_wconf 89' lang='lat' dir='ltr'><strong>quo</strong></span> <span class='ocrx_word' id='word_1_237' title='bbox 216 3562 404 3626; x_wconf 88' lang='lat' dir='ltr'><strong>narrationes</strong></span> <span class='ocrx_word' id='word_1_238' title='bbox 424 3560 493 3624; x_wconf 91' lang='lat' dir='ltr'><strong>illae</strong></span> <span class='ocrx_word' id='word_1_239' title='bbox 517 3561 712 3638; x_wconf 83' lang='lat' dir='ltr'><strong>exstiterant,</strong></span> <span class='ocrx_word' id='word_1_240' title='bbox 736 3560 967 3623; x_wconf 51' lang='lat' dir='ltr'><strong>accommodata¹</strong></span> <span class='ocrx_word' id='word_1_241' title='bbox 981 3567 1096 3636; x_wconf 88' lang='lat' dir='ltr'><strong>essent,</strong></span> <span class='ocrx_word' id='word_1_242' title='bbox 1119 3563 1208 3642; x_wconf 89' lang='lat' dir='ltr'><strong>atque</strong></span> <span class='ocrx_word' id='word_1_243' title='bbox 1232 3558 1266 3622; x_wconf 89' lang='lat' dir='ltr'><strong>id</strong></span> 
     </span>
     <span class='ocr_line' id='line_1_29' title="bbox 131 3674 1267 3759; baseline -0.001 -21"><span class='ocrx_word' id='word_1_244' title='bbox 131 3677 232 3759; x_wconf 88' lang='lat' dir='ltr'><strong>ipsum</strong></span> <span class='ocrx_word' id='word_1_245' title='bbox 251 3681 386 3759; x_wconf 78' lang='lat' dir='ltr'><strong>tempus,</strong></span> <span class='ocrx_word' id='word_1_246' title='bbox 409 3675 546 3759; x_wconf 90' lang='lat' dir='ltr'><strong>quamvis</strong></span> <span class='ocrx_word' id='word_1_247' title='bbox 569 3674 622 3737; x_wconf 92' lang='lat' dir='ltr'><strong>diu</strong></span> <span class='ocrx_word' id='word_1_248' title='bbox 641 3674 703 3757; x_wconf 87' lang='lat' dir='ltr'><strong>jam</strong></span> <span class='ocrx_word' id='word_1_249' title='bbox 721 3677 935 3759; x_wconf 81' lang='lat' dir='ltr'><strong>praeteritum,</strong></span> <span class='ocrx_word' id='word_1_250' title='bbox 959 3679 1100 3757; x_wconf 87' lang='lat' dir='ltr'><strong>tanquam</strong></span> <span class='ocrx_word' id='word_1_251' title='bbox 1116 3694 1267 3757; x_wconf 82' lang='lat' dir='ltr'><strong>praescus</strong></span> 
     </span>
     <span class='ocr_line' id='line_1_30' title="bbox 133 3786 1266 3873; baseline -0.001 -22"><span class='ocrx_word' id='word_1_252' title='bbox 133 3788 240 3852; x_wconf 89' lang='lat' dir='ltr'><strong>lectori</strong></span> <span class='ocrx_word' id='word_1_253' title='bbox 274 3790 444 3873; x_wconf 82' lang='lat' dir='ltr'><strong>pingerent.</strong></span> <span class='ocrx_word' id='word_1_254' title='bbox 500 3786 599 3859; x_wconf 82' lang='lat' dir='ltr'><strong>Quam</strong></span> <span class='ocrx_word' id='word_1_255' title='bbox 631 3789 885 3852; x_wconf 89' lang='lat' dir='ltr'><strong>inconsideratum</strong></span> <span class='ocrx_word' id='word_1_256' title='bbox 915 3795 1004 3872; x_wconf 91' lang='lat' dir='ltr'><strong>atque</strong></span> <span class='ocrx_word' id='word_1_257' title='bbox 1038 3789 1165 3851; x_wconf 90' lang='lat' dir='ltr'><strong>inertem</strong></span> <span class='ocrx_word' id='word_1_258' title='bbox 1195 3808 1266 3850; x_wconf 89' lang='lat' dir='ltr'><strong>eum</strong></span> 
     </span>
     <span class='ocr_line' id='line_1_31' title="bbox 133 3901 1265 3992; baseline -0.003 -25"><span class='ocrx_word' id='word_1_259' title='bbox 133 3903 226 3967; x_wconf 85' lang='lat' dir='ltr'><strong>fuisse</strong></span> <span class='ocrx_word' id='word_1_260' title='bbox 242 3903 304 3965; x_wconf 90' lang='lat' dir='ltr'><strong>sive</strong></span> <span class='ocrx_word' id='word_1_261' title='bbox 320 3905 485 3966; x_wconf 88' lang='lat' dir='ltr'><strong>Auctorem</strong></span> <span class='ocrx_word' id='word_1_262' title='bbox 510 3922 563 3965; x_wconf 89' lang='lat' dir='ltr'><strong>seu</strong></span> <span class='ocrx_word' id='word_1_263' title='bbox 586 3901 791 3992; x_wconf 83' lang='lat' dir='ltr'><strong>Refectorem,</strong></span> <span class='ocrx_word' id='word_1_264' title='bbox 812 3902 862 3964; x_wconf 90' lang='lat' dir='ltr'><strong>cui</strong></span> <span class='ocrx_word' id='word_1_265' title='bbox 878 3901 988 3985; x_wconf 89' lang='lat' dir='ltr'><strong>judicii</strong></span> <span class='ocrx_word' id='word_1_266' title='bbox 1005 3905 1086 3965; x_wconf 86' lang='lat' dir='ltr'><strong>certe</strong></span> <span class='ocrx_word' id='word_1_267' title='bbox 1105 3901 1265 3964; x_wconf 89' lang='lat' dir='ltr'><strong>sanitatem</strong></span> 
     </span>
     <span class='ocr_line' id='line_1_32' title="bbox 134 4014 1265 4100; baseline -0.002 -21"><span class='ocrx_word' id='word_1_268' title='bbox 134 4037 167 4079; x_wconf 92' lang='lat' dir='ltr'><strong>ac</strong></span> <span class='ocrx_word' id='word_1_269' title='bbox 187 4016 378 4100; x_wconf 87' lang='lat' dir='ltr'><strong>prudentiam</strong></span> <span class='ocrx_word' id='word_1_270' title='bbox 397 4014 476 4081; x_wconf 90' lang='lat' dir='ltr'><strong>haud</strong></span> <span class='ocrx_word' id='word_1_271' title='bbox 501 4017 589 4100; x_wconf 90' lang='lat' dir='ltr'><strong>pauci</strong></span> <span class='ocrx_word' id='word_1_272' title='bbox 606 4016 759 4080; x_wconf 89' lang='lat' dir='ltr'><strong>vindicant</strong></span> <span class='ocrx_word' id='word_1_273' title='bbox 781 4014 890 4079; x_wconf 86' lang='lat' dir='ltr'><strong>horum</strong></span> <span class='ocrx_word' id='word_1_274' title='bbox 911 4015 1059 4079; x_wconf 92' lang='lat' dir='ltr'><strong>librorum</strong></span> <span class='ocrx_word' id='word_1_275' title='bbox 1073 4015 1132 4078; x_wconf 92' lang='lat' dir='ltr'><strong>loci</strong></span> <span class='ocrx_word' id='word_1_276' title='bbox 1147 4020 1265 4099; x_wconf 88' lang='lat' dir='ltr'><strong>partes·</strong></span> 
     </span>
     <span class='ocr_line' id='line_1_33' title="bbox 133 4128 1266 4217; baseline -0.004 -23"><span class='ocrx_word' id='word_1_277' title='bbox 133 4152 203 4215; x_wconf 90' lang='lat' dir='ltr'><strong>quc,</strong></span> <span class='ocrx_word' id='word_1_278' title='bbox 229 4151 290 4194; x_wconf 92' lang='lat' dir='ltr'><strong>non</strong></span> <span class='ocrx_word' id='word_1_279' title='bbox 313 4129 399 4194; x_wconf 86' lang='lat' dir='ltr'><strong>facile</strong></span> <span class='ocrx_word' id='word_1_280' title='bbox 422 4130 613 4195; x_wconf 86' lang='lat' dir='ltr'><strong>crediderim.</strong></span> <span class='ocrx_word' id='word_1_281' title='bbox 660 4131 731 4206; x_wconf 81' lang='lat' dir='ltr'><strong>sed,</strong></span> <span class='ocrx_word' id='word_1_282' title='bbox 756 4131 782 4194; x_wconf 91' lang='lat' dir='ltr'><strong>si</strong></span> <span class='ocrx_word' id='word_1_283' title='bbox 798 4135 863 4217; x_wconf 86' lang='lat' dir='ltr'><strong>tam</strong></span> <span class='ocrx_word' id='word_1_284' title='bbox 883 4128 1024 4194; x_wconf 88' lang='lat' dir='ltr'><strong>inficetus</strong></span> <span class='ocrx_word' id='word_1_285' title='bbox 1040 4135 1128 4212; x_wconf 90' lang='lat' dir='ltr'><strong>atquc</strong></span> <span class='ocrx_word' id='word_1_286' title='bbox 1144 4129 1266 4211; x_wconf 86' lang='lat' dir='ltr'><strong>ineptus</strong></span> 
     </span>
     <span class='ocr_line' id='line_1_34' title="bbox 133 4243 1266 4330; baseline -0.002 -22"><span class='ocrx_word' id='word_1_287' title='bbox 133 4243 222 4308; x_wconf 89' lang='lat' dir='ltr'><strong>nobis</strong></span> <span class='ocrx_word' id='word_1_288' title='bbox 244 4245 451 4310; x_wconf 85' lang='lat' dir='ltr'><strong>informandus</strong></span> <span class='ocrx_word' id='word_1_289' title='bbox 475 4252 521 4309; x_wconf 90' lang='lat' dir='ltr'><strong>est</strong></span> <span class='ocrx_word' id='word_1_290' title='bbox 546 4245 701 4326; x_wconf 80' lang='lat' dir='ltr'><strong>Refector,</strong></span> <span class='ocrx_word' id='word_1_291' title='bbox 721 4267 781 4330; x_wconf 90' lang='lat' dir='ltr'><strong>quo</strong></span> <span class='ocrx_word' id='word_1_292' title='bbox 797 4246 867 4330; x_wconf 89' lang='lat' dir='ltr'><strong>jure</strong></span> <span class='ocrx_word' id='word_1_293' title='bbox 885 4245 962 4308; x_wconf 88' lang='lat' dir='ltr'><strong>male</strong></span> <span class='ocrx_word' id='word_1_294' title='bbox 985 4251 1127 4308; x_wconf 89' lang='lat' dir='ltr'><strong>consutos</strong></span> <span class='ocrx_word' id='word_1_295' title='bbox 1142 4265 1176 4306; x_wconf 91' lang='lat' dir='ltr'><strong>ac</strong></span> <span class='ocrx_word' id='word_1_296' title='bbox 1192 4264 1266 4306; x_wconf 88' lang='lat' dir='ltr'><strong>con-</strong></span> 
     </span>
     <span class='ocr_line' id='line_1_35' title="bbox 136 4333 1266 4445; baseline 0.003 -26"><span class='ocrx_word' id='word_1_297' title='bbox 136 4377 228 4420; x_wconf 85' lang='lat' dir='ltr'><strong>nexos</strong></span> <span class='ocrx_word' id='word_1_298' title='bbox 251 4357 306 4421; x_wconf 91' lang='lat' dir='ltr'><strong>hos</strong></span> <span class='ocrx_word' id='word_1_299' title='bbox 324 4358 389 4441; x_wconf 87' lang='lat' dir='ltr'><strong>ejus</strong></span> <span class='ocrx_word' id='word_1_300' title='bbox 415 4379 529 4442; x_wconf 91' lang='lat' dir='ltr'><strong>pannos</strong></span> <span class='ocrx_word' id='word_1_301' title='bbox 552 4359 615 4422; x_wconf 85' lang='lat' dir='ltr'><strong>suia</strong></span> <span class='ocrx_word' id='word_1_302' title='bbox 630 4333 764 4442; x_wconf 84' lang='lat' dir='ltr'><strong>partibus</strong></span> <span class='ocrx_word' id='word_1_303' title='bbox 780 4365 847 4445; x_wconf 89' lang='lat' dir='ltr'><strong>apte</strong></span> <span class='ocrx_word' id='word_1_304' title='bbox 863 4360 1037 4425; x_wconf 87' lang='lat' dir='ltr'><strong>conclusum</strong></span> <span class='ocrx_word' id='word_1_305' title='bbox 1053 4380 1140 4444; x_wconf 86' lang='lat' dir='ltr'><strong>opus,</strong></span> <span class='ocrx_word' id='word_1_306' title='bbox 1166 4363 1266 4423; x_wconf 86' lang='lat' dir='ltr'><strong>toturn</strong></span> 
     </span>
    </p>
   </div>
   <div class='ocr_carea' id='block_1_7' title="bbox 0 0 1401 4958">
    <p class='ocr_par' dir='ltr' id='par_1_8' title="bbox 0 0 1401 4958">
     <span class='ocr_line' id='line_1_36' title="bbox 0 0 1401 4958; baseline 0 0"><span class='ocrx_word' id='word_1_307' title='bbox 0 0 1401 4958; x_wconf 95' lang='lat' dir='ltr'><strong> </strong></span> 
     </span>
    </p>
   </div>
  </div>
 </body>
</html>
