2782 4958
611 365 772 409 cursuras.
1197 348 1260 411 157

123 533 303 617 colendam,
329 531 402 595 alios
428 554 489 595 non
516 532 617 596 nullos
646 538 787 613 secutus,
814 535 1007 600 restrinxerat
1025 535 1079 599 Bl.
1128 538 1257 619 Verum,

123 648 183 711 hoo
216 648 243 710 si
265 645 324 710 sibi
350 645 494 711 voluisset
518 647 649 728 Auctor,
675 648 905 731 exspectandum
935 649 1036 735 potius
1067 649 1158 713 fuisse
1189 649 1259 736 μετ’

122 763 289 844 ἀλλήλων,
307 782 375 825 vere
398 765 500 825 monet
522 764 610 826 Liin.
650 763 710 826 Nec
730 763 879 848 praecepti
897 763 1107 828 limitationem
1124 763 1173 829 vel
1190 785 1260 827 oon·

122 881 210 939 texta
232 875 419 939 commendat
441 877 557 958 oratio,
581 875 629 941 vel
652 877 696 940 rei
719 882 826 941 natura
847 878 990 962 requirit,
1016 878 1063 943 vel
1085 878 1144 942 loci
1168 879 1255 944 Rom.

123 992 185 1053 ΧΗ.
215 993 276 1066 18,
310 991 362 1074 qui
390 996 492 1056 nostro
519 991 591 1056 huic
612 992 818 1056 commentarii
840 993 902 1057 fere
930 994 1024 1058 instar
1046 997 1112 1069 est,
1137 989 1258 1057 collatio

123 1103 242 1168 suadet.

167 1443 211 1504 Eo
242 1462 338 1526 eoque
368 1441 430 1506 solo
460 1442 587 1507 oonsilio
618 1442 690 1507 haec
717 1444 815 1528 justae
842 1465 985 1528 veraeque
1007 1444 1056 1509 vel
1078 1445 1187 1508 criseos
1209 1443 1259 1509 vel

121 1556 380 1641 interpretationis
403 1557 548 1642 exempla,
573 1579 666 1642 pauca
688 1580 726 1622 ex
748 1558 863 1634 multis,
886 1560 1127 1635 memoravimus,
1152 1564 1187 1623 ut
1205 1581 1261 1643 pro

122 1673 229 1735 nostra
245 1677 397 1736 caveretur
416 1671 498 1736 virili
516 1675 612 1757 parte,
642 1693 679 1735 nc
697 1673 939 1737 Liinemanni
958 1694 1089 1757 operam,
1110 1672 1260 1756 iniquiore

123 1785 226 1848 denuo
249 1806 319 1850 cum
342 1785 468 1851 aliorum
490 1786 575 1850 libris
596 1786 738 1851 instituta
757 1787 988 1869 comparatione,
1008 1786 1055 1851 vel
1077 1787 1260 1871 superfluam

124 1901 194 1983 quis
224 1901 406 1966 existimaret
435 1907 488 1965 aut
517 1907 597 1966 certe
628 1903 729 1965 minus
757 1902 961 1966 necessariam.
1012 1902 1076 1976 Quo
1098 1901 1177 1964 facto
1198 1921 1260 1965 non

124 2015 221 2096 ipsius
242 2015 339 2079 solum
361 2015 427 2079 laus
456 2017 695 2100 interciperetur,
721 2016 785 2097 sed,
817 2015 899 2098 quod
920 2017 1054 2100 gravina,
1079 2021 1261 2080 commenta·

123 2128 217 2192 tionis
239 2150 311 2193 usus
342 2137 431 2212 atque
453 2130 569 2194 utilitas
590 2131 796 2214 impediretur.
846 2131 1020 2206 Caeterum,
1045 2151 1140 2214 quum
1162 2138 1260 2195 ectro-

123 2243 326 2324 ordr'raariam,
359 2266 448 2327 quam
470 2267 568 2329 nuper
591 2245 849 2329 Goettingensium
872 2245 905 2307 in
929 2243 1085 2308 Academia
1107 2244 1257 2327 suscepit,

125 2357 338 2441 professionem
368 2379 458 2442 snpra
485 2360 514 2421 ei
543 2357 710 2444 gratulatus
732 2360 808 2437 sim,
840 2359 936 2422 facere
959 2379 1020 2422 non
1043 2379 1162 2442 possmn
1185 2358 1260 2440 quin

127 2468 184 2534 hoc
206 2493 378 2556 nuncupem
402 2476 506 2537 votum
528 2477 564 2537 ut
585 2474 627 2537 ita
648 2472 733 2537 brevi
761 2473 902 2557 Georgiae
925 2474 1074 2557 Augustae
1097 2472 1261 2536 commodis

126 2585 342 2670 prospiciatur,
371 2592 407 2651 ut
436 2588 599 2652 ordinariis
627 2585 710 2652 illius
741 2589 774 2650 in
801 2586 959 2672 Theologis
981 2587 1084 2651 Virum
1112 2585 1262 2652 collocent

126 2699 333 2782 Moderatores‚
352 2704 454 2766 nostra
469 2703 506 2765 de
521 2701 681 2786 disciplina
698 2707 729 2765 et
743 2700 815 2765 olim
833 2707 864 2766 ct
885 2723 967 2765 nunc
982 2702 1094 2786 optime
1110 2702 1259 2765 meritum.

172 2815 215 2877 De
231 2813 439 2878 Bleekiani
461 2820 561 2878 autom
580 2816 786 2880 commentarii
805 2816 985 2899 praestantia
1004 2813 1081 2878 nihil
1101 2816 1262 2898 quicquam

127 2949 176 2991 me
208 2929 374 2994 detractum
400 2929 546 3011 voluisse,
580 2951 642 2993 non
675 2951 751 3014 opus
781 2935 826 2994 est
857 2951 989 2994 monere.
1039 2931 1133 3003 Quem
1161 2931 1262 3015 potius

125 3043 204 3107 tanti
225 3044 314 3119 facio,
339 3047 444 3127 quanti
466 3066 630 3129 perpaucos
652 3043 779 3108 aliorum
801 3043 859 3107 hoc
881 3046 914 3106 in
936 3065 1046 3129 genere
1068 3044 1172 3109 libros.
1210 3046 1262 3108 At·

126 3178 198 3241 que,
224 3160 363 3224 universe
393 3182 426 3224 re
447 3162 595 3245 spectata,
627 3160 754 3223 noudum
776 3159 866 3222 illem
887 3166 1053 3237 superatum
1081 3181 1162 3241 esse,
1192 3181 1262 3224 suae

125 3274 382 3356 Interpretationis
403 3275 435 3338 in
458 3274 639 3360 praefatione
660 3274 835 3349 affirmanti,
860 3271 947 3358 plane
969 3275 1123 3337 consentio
1145 3276 1262 3339 Lune-

126 3408 280 3453 manuo.
318 3389 376 3463 Qui
398 3411 492 3473 quum
514 3388 641 3453 feliciter
663 3410 745 3453 nuno
763 3391 938 3471 utrumque,
957 3387 1039 3471 quod
1061 3388 1120 3472 ipsi
1141 3388 1263 3452 deman·

127 3502 232 3567 datum
261 3510 341 3586 erat,
374 3503 533 3569 absolverit
561 3525 687 3588 pensum
717 3503 994 3586 Meyerianum,
1024 3524 1110 3587 spero
1140 3504 1204 3568 fore
1226 3509 1286 3569 ut¹

127 3638 183 3680 suo
206 3623 351 3701 tempore,
382 3618 541 3683 Reichii
564 3618 700 3704 Collegae
723 3616 921 3700 alliorumquc
944 3616 1091 3702 exemplo,
1116 3620 1163 3695 ed,
1189 3642 1263 3704 quoe

128 3730 320 3795 Eruditorum
343 3741 405 3812 est,
440 3734 550 3816 linqua*
571 3733 706 3809 Latina,
737 3730 797 3797 tale
819 3731 940 3816 aliquod
967 3733 1119 3798 doctrinae
1142 3735 1263 3799 criticae

128 3852 220 3929 atque
243 3847 411 3931 exegeticae
432 3851 660 3912 monumentum
683 3845 872 3910 condendum
897 3852 994 3927 curet,
1020 3848 1107 3930 quale
1127 3848 1163 3914 ab
1182 3850 1263 3934 Epis·

128 3960 207 4025 tolae
230 3964 270 4025 od
291 3963 498 4041 Philippenses
520 3961 650 4047 eleganti
673 3962 820 4044 doctoque
845 3961 963 4027 Vindice
985 3968 1155 4047 exspectare
1177 3963 1264 4029 nobis

129 4074 202 4140 licet
226 4077 283 4159 (1).

111 4247 287 4260 ---.-.-..

164 4344 198 4403 (1)
218 4341 280 4394 Post
298 4347 390 4409 scripta
406 4345 460 4408 jam
483 4361 514 4397 ao
531 4347 677 4411 typothetae
696 4346 787 4396 tradita
809 4347 958 4411 superiore,
978 4347 1080 4397 brevem
1098 4347 1210 4411 aliquam
1230 4347 1262 4397 de

128 4439 335 4493 Liinemanni
353 4442 429 4492 hoccc
455 4455 547 4494 comm.
574 4442 684 4508 cognovi
710 4441 877 4502 relationem,
900 4456 915 4491 a
942 4455 1022 4493 rerer.
1049 4439 1076 4492 S.
1095 4440 1264 4493 Hoeketru
