2782 4958
142 308 205 372 170
535 329 572 370 nn
597 329 695 371 aaran
722 331 885 375 neronem

138 498 211 562 haec
234 495 271 561 ad
294 493 413 578 insigne
437 493 621 579 cognitionis
635 496 855 561 incrementum
874 498 1031 581 profutura
1055 501 1188 583 confido,
1206 504 1279 589 qni·

137 611 206 690 bns,
238 609 275 674 ad
305 606 376 673 libri
399 608 557 673 lectionem
580 609 810 687 accedentibus,
833 612 871 676 de
894 612 1134 701 Euangeliornm
1156 616 1218 680 fide
1240 639 1281 681 ac

137 725 298 791 veracitate
328 727 411 787 certo
436 724 499 806 jam
530 725 702 791 constiterit
732 747 766 790 ac
788 747 963 810 persuasum
986 728 1040 793 sit.
1087 729 1177 795 Num
1202 750 1277 794 vero

137 839 257 904 eosdem
284 837 371 922 plano
399 858 471 903 usus
501 839 541 902 iis
568 841 749 923 praestitura
779 842 820 905 sit
848 843 997 922 narratio,
1024 862 1156 927 quorum
1179 845 1277 909 animi

136 952 342 1037 objectionum
370 952 432 1034 jam
462 951 576 1035 laoneis
599 953 679 1037 capti
701 959 773 1019 suut
794 958 826 1026 et
847 954 973 1037 irretiti,
997 977 1060 1020 non
1075 958 1180 1042 inepte
1205 958 1275 1042 qnis

137 1067 266 1135 dubitet.
292 1105 333 1114 -
357 1066 435 1130 Saue
457 1087 523 1162 uon
541 1067 640 1131 omnia
662 1088 821 1150 possumus
843 1089 958 1135 omnes.
1007 1071 1076 1136 Nec
1098 1068 1269 1152 Socrati,

136 1183 273 1268 quamvis
301 1180 473 1267 praestabili
503 1180 700 1266 Philosopho,
736 1185 824 1267 turpe
853 1184 1037 1249 censendum
1068 1190 1133 1267 est,
1166 1186 1195 1250 si
1225 1186 1268 1250 sui

134 1298 280 1383 temporis
302 1296 522 1381 sophistis,
546 1297 582 1359 de
605 1298 786 1381 quecunque
810 1317 843 1360 re
858 1295 960 1363 oblatt
977 1299 1010 1362 in
1024 1304 1187 1384 utrumqne
1206 1322 1268 1385 par·

135 1418 197 1477 tem
220 1413 373 1497 disputare
396 1409 505 1489 solitis,
532 1409 661 1475 subinde
685 1411 785 1474 minus
808 1417 935 1498 argutus
957 1413 1120 1498 minusque
1145 1414 1268 1480 callidus

133 1547 198 1591 esse
221 1524 508 1611 deprehendebatur.
554 1526 623 1616 Nec
645 1526 823 1591 Neandri
846 1504 948 1591 manes
963 1527 1144 1594 violabimns
1159 1550 1197 1593 ac
1211 1551 1268 1594 ma·

136 1642 272 1716 moriam,
291 1641 316 1704 si
339 1641 436 1726 magis
454 1642 709 1705 accommodatum
732 1642 761 1705 ei
783 1641 876 1706 fnisse
899 1643 1057 1728 ingenium
1073 1645 1270 1710 statuerimus

136 1756 171 1818 ad
194 1756 252 1819 Dei
276 1756 452 1838 sapientiam
473 1760 504 1818 et
526 1755 707 1838 optimorum
725 1777 914 1839 quorumque
933 1756 1088 1821 hominnm
1109 1758 1266 1842 pietatem,

133 1871 164 1935 in
188 1868 304 1933 Christi
327 1868 476 1932 Societate
509 1867 691 1947 elucentem,
726 1868 932 1951 explicandam
963 1876 1053 1952 atque
1075 1871 1108 1935 in
1132 1875 1267 1939 omnium

133 1985 361 2048 admirationem
377 1982 654 2061 commendandam,
673 1975 761 2067 quam
778 1982 814 2046 ad
837 1983 1038 2060 Stranszii,
1056 1984 1269 2067 Henucllii,

133 2098 317 2165 Brunouis
331 2097 474 2164 ‘Beueri
498 2099 652 2182 captiones
675 2097 880 2162 discutiendas
909 2098 1154 2186 objecticnasqne
1179 2103 1269 2167 refel-

133 2215 243 2279 lendas.
292 2211 482 2284 Quibuscum
507 2223 658 2276 certamen
682 2213 878 2275 commissura
895 2213 928 2276 in
944 2213 1060 2278 Critico
1083 2237 1146 2280 uon
1169 2219 1269 2302 megia

132 2352 202 2393 saue
223 2329 340 2413 ingenii
357 2349 493 2406 acumen,
514 2349 574 2390 non
590 2329 688 2411 magis
707 2327 861 2389 doctrinae
885 2327 997 2406 lumen,
1024 2349 1115 2412 quam
1138 2330 1268 2402 circnm-

132 2445 247 2530 spectio
277 2463 311 2505 ac
341 2441 517 2525 prudentiae
549 2442 648 2503 cautio
680 2439 857 2522 requiritur.
907 2440 1003 2524 Cujus
1033 2443 1129 2526 ipsius
1161 2451 1268 2511 cautae

131 2557 309 2645 prudentiae
325 2553 408 2618 nulla
426 2555 536 2617 certior
553 2553 601 2617 lex
626 2560 672 2617 est
694 2575 749 2616 nec
766 2555 863 2639 magis
878 2553 1037 2620 indubium
1064 2557 1264 2640 postulatum,

130 2673 190 2738 nisi
213 2671 294 2756 quod
317 2672 420 2733 carere
439 2666 528 2751 jubet
550 2690 588 2730 ne
611 2669 783 2752 quicquam,
805 2668 972 2757 quovabuti
996 2670 1137 2756 quodque
1159 2673 1199 2738 ad
1216 2672 1267 2741 bo·

130 2810 211 2862 nam,
233 2807 322 2870 quam
346 2790 479 2857 tuemur,
513 2805 647 2847 caussam
679 2784 878 2847 enervandam
910 2790 1108 2868 contorquere
1130 2789 1264 2871 possint,

129 2901 309 2966 adversariis
332 2905 444 2963 temere
476 2900 674 2963 concedamus
697 2921 731 2963 ac
755 2900 926 2982 largiamur.
975 2899 1063 2963 Hanc
1088 2922 1161 2965 vero
1192 2924 1267 2988 pru·⁴

130 3016 275 3092 dentiam,
305 3015 442 3098 quamvis
469 3015 577 3077 multas
602 3012 744 3078 historiae
771 3014 963 3100 euangelicos
989 3020 1087 3099 partes
1110 3017 1264 3100 praeclare

130 3131 242 3210 tuenti,
275 3128 430 3214 Theologo
461 3129 602 3192 comitem
637 3128 767 3192 adfuisse
793 3129 959 3213 ducemque
981 3135 1168 3215 perpetuam,
1200 3137 1262 3198 tam

129 3247 330 3322 confidenter,
355 3266 443 3327 quam
467 3243 585 3314 vellem,
611 3244 757 3307 affirmare
780 3266 842 3307 non
865 3245 972 3308 audeo.
1021 3245 1092 3309 Alia
1119 3247 1200 3311 euim
1224 3269 1263 3312 ne

128 3383 303 3440 memorem,
320 3381 382 3424 non
406 3360 479 3422 satis
502 3381 550 3447 rna
571 3359 739 3442 perspicere
753 3360 860 3436 lataor,
879 3381 956 3443 quos
970 3365 1063 3424 testes
1078 3364 1139 3424 tam
1159 3383 1259 3447 saepe,

128 3499 217 3564 qnam
241 3497 310 3541 eum
333 3474 543 3539 concedentem
567 3474 717 3552 videmus,
739 3472 903 3537 levioribus
926 3476 1014 3537 etiam
1039 3477 1071 3538 in
1086 3475 1178 3541 rebus
1200 3485 1261 3543 tra·

128 3591 233 3657 dendis
257 3612 273 3654 a
295 3611 367 3654 vero
398 3587 550 3653 aberrtsse
581 3594 733 3672 putemus,
766 3609 827 3672 qno
853 3589 923 3672 jure
954 3597 1007 3653 aut
1034 3589 1145 3672 quibus
1168 3613 1261 3678 argn-

128 3707 238 3771 meutis
260 3726 322 3784 eos,
348 3705 486 3791 graviora
509 3723 643 3788 quaeque
675 3703 800 3766 Domini
826 3705 904 3768 sacta
928 3726 961 3768 ac
984 3703 1073 3768 verba
1096 3710 1259 3775 memoriae

127 3821 301 3906 prodentes,
338 3821 421 3882 certat
452 3824 542 3902 atque
572 3816 700 3881 indubia
731 3817 788 3881 fide
821 3818 930 3902 dignos
963 3841 1026 3881 esse
1053 3820 1259 3888 demonstrare

126 3936 288 4020 possimus.

172 4049 288 4112 Verum
318 4047 355 4110 de
386 4047 499 4131 optimt
529 4067 563 4108 ao
594 4046 768 4116 tutissimet,
801 4047 861 4130 qut
891 4066 974 4108 sacra
1003 4046 1188 4112 defendenda
1218 4051 1259 4113 sit

125 4163 262 4239 historia,
290 4162 339 4226 vita
362 4182 396 4224 ac
418 4161 534 4224 ratione
557 4161 667 4224 multos
690 4182 707 4223 a
730 4182 777 4224 me
800 4159 1011 4227 dissentientes
1034 4161 1151 4228 habebo
1166 4163 1259 4250 hujus

125 4276 271 4362 temporis
292 4272 474 4358 Theologos.
525 4271 610 4344 Quos
641 4279 740 4338 tamen
771 4296 873 4339 omnes
896 4275 972 4339 mihi
995 4298 1168 4344 assensuros
1193 4302 1256 4344 essa

127 4391 262 4472 confido,
295 4382 515 4452 ardentissimis
538 4387 594 4451 hoc
618 4411 633 4450 a
659 4389 724 4452 Deo
748 4389 786 4454 Ο.
815 4373 860 4462 ll.
888 4391 1028 4474 precibus
1059 4396 1191 4477 petenti,
1222 4401 1257 4459 nt
