2782 4958
138 328 180 387 28
614 341 772 385 araaoaou

132 532 213 591 rum,
239 531 256 573 a
278 509 414 595 Rapitur
434 509 597 586 dictorum,
623 505 781 592 interpreti
804 508 903 571 varios
925 510 1077 592 praestent
1099 523 1191 582 usus,
1215 505 1261 568 di·

134 624 257 688 midiata
279 624 340 686 fere
363 623 516 686 Introitria
533 621 682 686 Theniani
698 642 766 706 pars
784 626 932 686 versatur.
964 620 1053 684 Unde
1075 640 1169 705 pauca
1185 620 1260 704 jam,

135 758 211 822 quae
236 734 387 802 Chronica
411 734 604 820 spectabant,
630 737 842 820 excerpsimus.
888 736 995 821 Longe
1016 736 1146 822 plurima
1169 756 1260 813 vero,

134 851 201 916 loco
215 850 338 925 exclusi,
353 851 438 913 taciti
459 850 742 934 praetermittimus;
758 848 897 912 universe
914 847 1010 912 multa
1025 846 1075 911 hic
1089 847 1261 932 ingeniose,

134 966 271 1050 copiose,
287 964 375 1028 docte
390 963 541 1049 disputata
555 964 680 1048 reperiri
696 967 864 1027 mouentes.
900 962 1016 1026 Verum
1031 961 1116 1026 nulla
1139 984 1187 1025 me
1203 983 1264 1026 ma·

133 1079 182 1164 gis
204 1077 334 1143 advertit
352 1076 442 1161 hujus
457 1077 669 1161 disputationis
684 1097 764 1160 pars,
781 1097 870 1159 quam
886 1096 962 1161 quae
977 1076 1015 1139 de
1041 1075 1180 1140 Varsioae
1197 1077 1265 1161 agit

97 1178 102 1185 ’
133 1192 360 1257 Alexandrian.
406 1190 469 1255 Ubi
486 1191 567 1267 vide,
590 1212 679 1275 quam
695 1192 788 1255 mirae
808 1191 870 1253 sint
886 1195 917 1254 et
931 1211 1023 1273 quam
1040 1190 1262 1275 inexspectatae

132 1308 320 1391 opinionum,
345 1326 421 1389 qnae
443 1306 532 1369 variis
554 1305 689 1390 placeant
710 1302 909 1388 temporibus,
935 1303 1154 1369 conversiones.
1179 1302 1263 1367 Huic

134 1421 231 1499 enim,
264 1418 345 1503 quod
368 1420 519 1498 diximus,
552 1417 688 1484 subsidio
711 1439 878 1498 summam,
911 1418 943 1480 iu
967 1416 1051 1482 Noai
1079 1417 1263 1482 Testamenti

132 1535 393 1618 interpretatione,
418 1534 627 1598 auctoritatem
649 1532 757 1598 Schola
772 1531 942 1597 vindicabat
958 1530 1135 1595 Emeritam
1162 1531 1262 1603 Quam

134 1668 206 1712 vero
229 1648 294 1731 ejus
309 1647 517 1711 auctoritatem
538 1649 581 1711 ita
597 1647 658 1731 jam
680 1648 864 1731 antiquatam
884 1667 948 1709 esse
967 1647 1123 1722 novimus,
1145 1651 1184 1710 ut
1203 1637 1264 1730 ple-

134 1762 239 1844 rique,
266 1762 320 1845 qui
348 1760 399 1824 hic
422 1766 502 1825 recte
530 1782 631 1846 sapere
654 1767 833 1838 censentur,
858 1761 895 1824 ad
918 1759 1000 1827 illius
1023 1763 1133 1826 acriter
1154 1782 1263 1847 repre·

134 1874 326 1940 hendeudum
348 1854 475 1940 abusum
496 1874 588 1961 longe
609 1876 805 1960 procliviores
820 1877 896 1956 sint,
916 1896 1006 1959 quam
1022 1874 1058 1939 ad
1073 1898 1161 1939 caum
1179 1896 1263 1941 com·

133 1988 335 2054 mendandum
357 2010 392 2054 ac
414 1989 627 2054 definiendum.
656 1991 813 2054 Amissum
836 2009 907 2053 vero
930 1987 1012 2052 huno
1033 1989 1066 2052 in
1088 1987 1173 2054 Novi
1190 1989 1263 2054 Fae·
1306 2058 1316 2061 ,,

133 2105 216 2170 devia
235 2101 472 2189 Hermeaeatied
493 2103 616 2169 honoris
637 2103 737 2169 locum
760 2102 880 2168 abunde
902 2107 1075 2186 compensat
1089 2117 1262 2186 supremum

132 2217 211 2293 fere,
231 2217 311 2301 quod
334 2216 392 2281 sibi
414 2219 447 2281 in
469 2218 592 2284 Veteris
617 2217 801 2283 Testamenti
828 2217 942 2283 Crtticd
965 2235 1140 2281 concessum
1163 2217 1260 2296 videt,

128 2331 181 2416 jus
203 2337 234 2395 et
256 2332 444 2416 suffragium.
480 2333 612 2398 Textum
629 2334 708 2399 enim
724 2333 926 2407 Hebraicum,
947 2351 1048 2415 quem,
1068 2324 1262 2417 Masoretha-

133 2466 203 2508 rum
226 2447 299 2509 curd
322 2447 538 2525 coustitutum,
560 2437 725 2534 cubatum
738 2447 885 2523 dicimus,
907 2451 1011 2511 totae
1033 2452 1094 2511 mm
1117 2442 1264 2530 gravibus

133 2555 250 2619 mendis
278 2557 422 2640 vitiisque
452 2559 644 2643 inquinatum
671 2580 735 2624 esse
757 2559 892 2645 plerique
916 2564 1072 2637 statuunt,
1104 2561 1157 2644 qui
1180 2555 1264 2624 nnnc

132 2669 290 2744 feruntur,
312 2669 502 2754 interpretes,
528 2678 564 2737 ut
584 2694 623 2737 ne
646 2660 875 2738 Ludovibus
898 2675 1020 2759 quidem
1042 2673 1263 2760 (lappellus

133 2782 256 2866 ejusque
278 2790 460 2861 sectatores,
485 2788 538 2870 qui
561 2788 668 2855 Secula
691 2789 791 2856 XVII
815 2791 925 2854 eximie
952 2789 1063 2856 Critiae·
1085 2780 1260 2863 audiebant,

133 2896 270 2961 acerbius
292 2897 330 2961 de
352 2897 443 2982 hujus
465 2903 568 2965 tertiis
591 2903 800 2987 depravatione
823 2905 979 2988 conquesti
1003 2894 1074 2967 sint.
1120 2901 1263 2973 Quorum

131 3031 203 3075 vero
230 3011 500 3097 Coppelliancrum
515 3014 649 3099 plerique
664 3037 734 3081 cnm
750 3018 950 3102 acony'ectun's
967 3019 1094 3101 quisque
1111 3017 1174 3080 suis
1191 3020 1262 3080 tex·

131 3127 183 3190 tus
210 3125 370 3192 vulnerum
397 3127 528 3191 remedia
557 3127 615 3192 sibi
637 3129 767 3213 petenda
789 3134 946 3215 putarent,
972 3131 1025 3213 qui
1047 3151 1131 3194 nunc
1154 3122 1263 3194 eorum

111 3241 168 3305 ·de
190 3245 310 3328 recepta
333 3244 506 3307 recensione
525 3243 640 3328 judicia
663 3250 847 3330 sequuntur,
871 3245 1003 3310 Isattci
1027 3243 1169 3308 Vossii
1189 3242 1262 3307 alio-

130 3374 257 3439 rumque
280 3346 415 3441 exemplo
437 3357 474 3420 ad
498 3359 784 3423 Aleaaadrinoram
806 3380 879 3443 prae
902 3359 1026 3423 caeteris
1047 3356 1261 3421 auctoritatem

130 3469 181 3534 vix
205 3471 367 3536 credideris
393 3492 483 3555 quam
506 3471 619 3536 multos
641 3472 682 3535 V.
708 3472 746 3537 Τ.
771 3473 854 3538 locos
877 3472 1078 3536 emendandos
1100 3465 1164 3534 osse
1187 3491 1264 3534 cou-

129 3588 312 3651 tendantne
336 3587 536 3672 refingendos.
585 3584 724 3658 Quorum
746 3588 988 3672 interpretationi
1011 3585 1092 3671 quod
1114 3584 1258 3661 multum,

128 3699 208 3782 quod
231 3700 394 3784 plurimum
417 3700 573 3779 tribuunt,
596 3699 685 3765 laudo
708 3702 848 3786 equidem
871 3709 902 3766 et
924 3704 1064 3767 assentio.
1104 3699 1260 3764 sedidem

128 3811 226 3888 doleo,
253 3835 313 3897 quo
336 3815 447 3899 majore
467 3815 537 3899 jure
570 3813 638 3878 illos
661 3836 699 3878 ex
721 3817 861 3901 Aegypto
885 3816 1021 3880 Medicas
1044 3835 1193 3899 arcessere
1214 3813 1260 3877 vi·

128 3927 266 4007 deantur,
281 3928 524 3994 Masoretharum
538 3950 589 3992 eos
601 3950 716 4011 curam,
737 3930 941 4014 prudentiam,
964 3929 1154 4014 religionem,
1169 3948 1259 4012 quam

14 4031 20 4042 ’
127 4041 228 4105 omnia
249 4042 469 4119 testificantur,
494 4042 668 4128 pronihilo
691 4044 819 4121 ducere;
854 4065 909 4107 nee
931 4066 1042 4129 paucos
1065 4043 1157 4117 adeo,
1183 4062 1261 4125 quo·

3 4191 7 4200 ·
124 4176 192 4220 rum
215 4155 373 4241 integritas
396 4156 481 4223 nulld
503 4162 572 4243 eget
595 4158 756 4232 medicina,
781 4158 865 4222 locos
880 4165 992 4222 temere
1010 4157 1184 4221 sollicitare.
1211 4157 1259 4219 Ac

124 4291 200 4354 quae
223 4271 260 4334 de
282 4270 484 4336 Versionibus
506 4273 656 4357 antiquis,
683 4277 752 4337 ante
775 4271 831 4336 hos
853 4273 964 4337 multos
987 4293 1091 4347 annos,
1117 4270 1259 4334 universe

125 4385 244 4450 monuit
263 4385 305 4451 H.
331 4387 368 4451 A.
392 4386 702 4466 Schulteusius,
727 4388 940 4454 Semiticarum
973 4386 1044 4451 olim
1064 4386 1165 4450 lumen
1192 4384 1257 4448 Lit-
