2782 4958
595 372 806 418 susurrores.
1205 359 1270 424 225

123 540 267 620 definita,
294 562 369 626 quae
393 539 429 605 de
451 540 554 607 Mersit
576 539 701 626 ejusque
724 544 841 628 Regno,
865 541 918 606 Dei
940 543 1069 610 Numine
1090 541 1174 629 pleni
1194 547 1268 612 Pro·

127 657 239 742 phetae
261 657 448 736 cecinerunt,
473 656 635 720 vaticinia!

172 773 321 847 Quocirca
343 773 448 836 critical
471 771 572 857 potius
596 776 685 855 atque
708 771 857 837 tutariet
867 773 917 837 virt
940 768 1081 838 solvenda
1096 779 1153 857 est,
1175 794 1265 857 quam

126 888 295 971 posuimus,
320 886 466 971 quaestio.
514 885 559 951 Ab
582 886 672 950 initio
703 886 800 971 igitur
825 886 1021 952 lsratlitarum
1044 909 1112 952 cum
1136 889 1268 954 ttrtcrid

125 1003 281 1067 indivulso
304 1024 475 1067 connexum
490 1003 581 1067 fuisse
606 1000 728 1066 vinculo
746 1001 898 1067 Canticum
918 1003 1043 1087 ejusque
1058 1003 1131 1068 adeo
1149 1007 1266 1088 partem

127 1119 332 1200 continuisse,
356 1121 521 1203 praeeunte
544 1114 800 1201 Muntinghio
828 1114 904 1202 (l),
939 1115 1078 1199 equidem
1111 1116 1262 1183 existimo.

126 1235 242 1300 Priario
264 1233 345 1297 enim
368 1233 480 1317 aequm
504 1232 578 1297 rua
599 1232 724 1307 Auctor,
742 1250 802 1313 quo
817 1228 884 1294 loco
907 1228 982 1313 quot
1004 1229 1170 1296 Solomonia
1191 1240 1265 1318 poe·

125 1354 205 1412 mata
235 1348 349 1412 fuerint
379 1347 539 1411 memoriae
561 1345 662 1431 prodit
694 1346 725 1428 (l
753 1345 843 1430 Repp.
869 1346 904 1410 V.
941 1346 1010 1429 lt),
1047 1344 1149 1423 hocce,
1182 1346 1265 1430 qnod

125 1462 264 1526 omnium
287 1482 341 1525 suo
364 1461 398 1524 in
419 1481 529 1546 genere
551 1459 841 1544 praestantissimum
859 1457 999 1542 habebat,
1018 1460 1185 1539 Canticum,
1204 1481 1265 1545 quo

125 1578 238 1643 certius
261 1576 298 1640 ab
320 1575 474 1640 oblivione
496 1574 712 1656 vindicaretur,
737 1595 809 1638 suae
832 1573 1006 1657 adjunxisse
1028 1574 1148 1640 videtur
1175 1579 1265 1660 atque

124 1692 286 1756 inseruisse
310 1689 487 1754 narrationi.
523 1687 609 1763 Quod
632 1709 670 1751 ne
692 1687 761 1770 quia
781 1687 894 1751 factum
918 1710 982 1752 esse
1005 1689 1265 1766 miretu1301ien·

124 1805 236 1870 talium
259 1804 308 1869 hio
331 1825 396 1868 mos
411 1809 473 1868 erat
489 1803 717 1884 Historicorum,
735 1806 770 1865 ut
784 1823 845 1865 una
860 1823 929 1866 cum
945 1800 1111 1866 illustrium
1126 1805 1265 1870 Virorum

123 1916 214 1983 rebus
236 1919 341 2003 gestis,
361 1918 430 1982 data
453 1915 689 2000 opportunitate,
708 1914 901 1980 memorabile
925 1914 1062 1999 aliquod,
1087 1917 1175 2001 cujus
1188 1918 1263 2003 ipsis

123 2034 203 2096 forte
226 2033 312 2117 copia
334 2037 408 2112 erat,
435 2052 539 2094 eorum
561 2050 680 2094 carmen
703 2028 822 2094 chartae
844 2031 1067 2116 consignarent.
1115 2031 1208 2114 quue
1222 2033 1265 2097 ita

123 2146 268 2228 subinde,
292 2151 327 2210 ut
350 2144 545 2229 necopinanti
568 2141 656 2228 plane
671 2164 727 2208 nec
742 2142 800 2208 hoc
817 2143 885 2209 loco
900 2146 1083 2230 exspectanti
1098 2146 1265 2213 traderetur

126 2260 243 2326 lectori.
289 2260 381 2344 Cujus
415 2259 510 2343 ipsius
539 2258 632 2321 moris
662 2278 724 2322 non
756 2261 888 2324 Aratum
919 2258 1028 2335 solum,
1061 2260 1114 2324 sed
1149 2261 1266 2328 Veteris

129 2378 222 2440 etiam
246 2377 325 2441 reu.
343 2375 486 2440 lictoriae
508 2372 595 2459 plura
618 2373 776 2437 continent
798 2371 944 2458 exempla.
973 2411 1011 2422 -
1044 2376 1148 2440 Postea
1178 2395 1263 2457 vero,

129 2512 192 2574 quo
213 2495 347 2574 tempore
369 2489 530 2569 nescimus,
555 2487 593 2551 ab
616 2489 663 2560 aa,
689 2487 776 2570 cujus
790 2492 904 2572 partem
919 2488 1120 2566 continuerat,
1138 2488 1265 2554 historit

127 2605 301 2688 sejunctum
323 2604 414 2667 fuisse
437 2601 557 2667 videtur
580 2602 723 2678 Carmen3
762 2602 825 2666 sive
847 2601 924 2667 forte
953 2602 1075 2668 fortunt
1097 2602 1128 2666 id
1150 2603 1264 2668 factum

128 2720 182 2802 sit,
207 2739 261 2783 seu
283 2719 385 2802 potius
408 2723 465 2794 ne,
489 2739 542 2802 per
564 2716 720 2799 interjecta
743 2715 815 2780 haec
837 2715 947 2794 aliena,
980 2740 1081 2783 rerum
1112 2725 1265 2805 gestarum

128 2833 260 2897 narratio
282 2853 317 2896 ac
339 2830 398 2896 tela
420 2833 700 2916 interrumperetur.
730 2832 789 2895 Nec
804 2837 904 2896 tamen
927 2820 1264 2899 committerevolentes

127 2952 164 3011 ut
183 2949 238 3011 sut
257 2947 393 3011 socordit
407 2947 518 3030 periret
530 2950 582 3010 aut
596 2946 709 3009 civium
726 2945 759 3008 in
774 2945 957 3010 oblivionem
971 2947 1067 3012 abiret
1082 2950 1159 3012 tanti
1174 2949 1263 3033 Regis

126 3059 247 3125 illustre
277 3059 334 3124 hoc
365 3061 505 3136 Carmen,
537 3058 643 3143 templi
671 3058 814 3123 Praefecti
845 3066 898 3123 aut
920 3059 1084 3146 Prophetae
1113 3062 1147 3124 in
1180 3063 1264 3126 sacrd

126 3174 195 3251 illc,
219 3174 273 3240 ubi
294 3175 478 3240 sanctissima
500 3196 553 3239 sua
575 3193 722 3238 asservare
744 3179 959 3238 consueverant
980 3178 1187 3257 monumenta,
1211 3153 1264 3239 ‘re-

125 3290 302 3373 ponendum
324 3288 356 3352 id
379 3291 524 3353 curarunt
545 3287 740 3353 bibliothecd.
761 3323 804 3333 -
829 3290 902 3352 Ecce
925 3289 1127 3372 conjecturam
1152 3290 1263 3378 (neque

126 3403 211 3466 enim
241 3402 316 3466 certi
349 3402 423 3485 quid
457 3403 549 3466 statui
578 3399 712 3488 potest),
748 3402 896 3490 quamsi
927 3424 1045 3468 mecum
1078 3402 1263 3488 probabilem

126 3517 357 3594 existimaveris,
381 3539 444 3582 non
466 3517 524 3581 erit
546 3517 626 3599 quod
649 3537 792 3602 suspenso
815 3538 937 3600 quaeras
959 3519 1071 3602 animo,
1088 3539 1150 3603 quo
1171 3519 1262 3585 modo

127 3681 299 3692 ..---—--

161 3807 197 3866 il)
216 3805 246 3855 In
264 3819 318 3869 op.:
338 3800 460 3853 Geactiad.
478 3802 522 3852 der
540 3800 668 3855 Meuactd.
686 3819 749 3853 noar
766 3802 811 3853 dea
828 3801 920 3869 Ba'jtel,
939 3804 987 3855 VI.
1011 3807 1057 3857 ria
1078 3819 1145 3871 sqq„
1166 3805 1261 3862 collata

124 3897 251 3962 imprimis
269 3895 384 3959 subjecta
401 3896 574 3946 annotatione.
609 3894 677 3945 Huic
701 3897 888 3961 quodammodo
905 3896 1055 3961 praeiverat,
1075 3912 1151 3963 quem
1162 3898 1258 3959 laudat,

125 3987 194 4039 Nic.
213 3988 349 4052 Barkey.
368 3988 462 4037 Postea
478 3985 788 4038 Van-Der·Palmius
806 3989 909 4052 quidem
920 3989 1015 4054 aliique
1027 3989 1132 4041 fortasse
1145 3990 1258 4051 suerunt,

125 4085 170 4149 qui
189 4085 264 4134 etiam
283 4083 331 4148 ipsi
347 4082 513 4148 appendicem
535 4082 655 4132 historiae
676 4081 811 4133 Canticum
829 4083 949 4140 dicerent,
990 4083 1045 4133 Nec
1063 4091 1148 4134 tamon
1165 4097 1259 4146 quem-

126 4192 204 4241 qnam
226 4176 304 4228 fnisse
321 4177 383 4226 novi
406 4176 450 4240 qui
467 4182 583 4225 accurate
600 4189 654 4225 rem
672 4176 810 4240 expediret.
847 4176 972 4238 Quocirca
989 4190 1088 4234 eorum,
1108 4190 1172 4241 quos
1193 4177 1258 4237 dixi,

124 4267 328 4319 Duumvircrum
346 4269 499 4319 sententiam
519 4270 575 4319 met
592 4268 762 4333 qualicunque
783 4270 882 4319 ratione
902 4269 1100 4319 confirmandam
1112 4269 1208 4333 putavi.
1224 4295 1258 4309 -

125 4359 257 4411 Historiae
274 4362 357 4422 loeus,
375 4376 451 4426 quem
468 4359 789 4426 Van-Der·Hocgthii
807 4376 840 4412 ex
858 4362 1005 4413 recensione
1024 4361 1174 4419 memoravi,
1189 4362 1258 4426 apud

124 4455 190 4506 alios
208 4463 291 4507 exstat
313 4462 321 4508 t
342 4453 419 4521 Repq.
437 4456 488 4507 IV.
507 4459 549 4506 32.

1069 4548 1109 4611 15
