2782 4958
533 358 574 400 un
595 355 796 403 nornnansrn.
1189 339 1229 402 73

105 553 166 614 us,
198 555 254 628 per
278 528 403 628 aliquot
424 525 627 623 singulorum
651 526 776 598 dierum
802 523 898 595 horas
923 522 1106 620 relinquere
1131 549 1232 621 coge-

105 661 204 742 retur,
227 679 268 726 ne
288 651 391 724 rheda
410 648 552 748 quidem,
573 656 639 747 qua
659 648 744 721 ultro
764 647 911 744 citroque
934 645 1132 735 vehebatur,
1153 651 1237 718 otio-

105 795 174 844 sum
203 801 277 848 eum
304 773 453 859 videbat,
474 797 533 843 nec
558 772 599 843 ab
625 773 751 845 utilium
776 770 888 844 sedata
913 769 1050 843 lectione
1069 784 1235 844 vacantem

106 894 302 996 scriptorum
329 909 387 969 aut
411 894 609 968 chartarum.

157 1142 228 1218 Noli
255 1158 361 1216 tamen
389 1155 513 1241 putare,
535 1142 670 1237 singulis
689 1143 776 1216 feriis
801 1145 945 1233 aestivis,
975 1140 1155 1216 suburbani
1187 1140 1237 1212 sui

121 1278 216 1353 gratas
238 1265 271 1336 in
294 1266 427 1338 umbras
447 1291 517 1338 sese
538 1267 704 1337 Hominem
728 1267 912 1359 abdidisse,
935 1269 991 1366 qui
1009 1266 1089 1337 nibil
1110 1266 1241 1337 bomani

119 1405 183 1457 nse
202 1387 342 1458 alienum
361 1387 501 1484 putabat.
547 1388 677 1460 Etenim
700 1389 882 1461 Heusdii
908 1389 957 1461 sui
980 1389 1163 1487 exemplum
1185 1387 1239 1460 blc

117 1528 242 1609 quoque
264 1525 407 1597 secutuS,
435 1536 500 1582 non
520 1536 593 1582 raro
618 1512 755 1608 majores
780 1511 919 1584 faciebat
941 1513 972 1584 in
998 1512 1240 1584 amoenissimas

113 1653 258 1731 quasque
284 1646 316 1705 et
335 1632 571 1729 pulcherrimas
592 1632 709 1728 Belgii,
734 1634 942 1723 Germaniae,
969 1634 1152 1722 Helvetiae,
1171 1636 1240 1705 Ita-

107 1750 235 1854 liaeque
262 1771 371 1853 partes
392 1780 551 1828 excursus
575 1769 674 1854 atque
697 1756 811 1828 itinera
836 1755 906 1854 (l);
930 1783 1031 1854 quum
1054 1770 1239 1830 exterorum

105 1903 217 1952 mores
239 1879 424 1950 accuratius
448 1879 664 1976 cognoscendi
688 1879 865 1977 cupiditate
883 1879 1019 1965 ductus,
1045 1893 1114 1951 tum
1137 1877 1241 1950 admi-

106 2002 239 2090 rabilia,
263 2028 348 2102 quae
374 2002 417 2073 ibi
444 2002 631 2100 prodiderat
649 2005 801 2090 Creator,
822 2019 959 2076 naturae
981 2029 1080 2101 opera
1105 2003 1241 2101 propius

105 2124 256 2198 intuendi
273 2123 432 2196 desiderio
450 2126 610 2197 incensus.
640 2128 788 2211 Quorum
811 2150 946 2224 operum
964 2125 1004 2199 de
1023 2124 1242 2223 pulcritudine

105 2274 145 2321 ac
168 2248 387 2334 sublimitate,
412 2262 487 2320 ante
509 2249 570 2320 bos
593 2248 713 2321 multos
736 2274 847 2338 annos,
873 2275 891 2321 a
914 2250 1034 2346 majore
1053 2249 1162 2346 aliquo
1186 2273 1244 2345 per

106 2371 277 2444 Helvetios
303 2371 416 2443 itinere
443 2396 548 2469 nuper
570 2370 738 2460 reducem,
766 2384 928 2443 commoto
952 2373 1060 2443 animo
1087 2395 1162 2443 eum
1185 2396 1243 2467 pro

107 2498 204 2566 sacra
227 2493 384 2566 concione
417 2508 632 2591 exponentem
663 2494 776 2566 audire
811 2519 862 2565 me
893 2494 1042 2583 memini,
1068 2494 1161 2567 etad
1184 2492 1244 2566 Dei

106 2615 343 2714 magnitudinis
368 2642 406 2688 ac
440 2616 702 2708 benevolentiae,
730 2617 854 2715 ubique
879 2630 1041 2690 terrarum
1067 2617 1242 2705 elucentis,

107 2737 362 2811 celebrationem
387 2739 439 2836 pie
465 2764 504 2810 ac
529 2741 671 2836 graviter
698 2738 906 2812 adhibentem
930 2765 967 2812 ac
989 2754 1241 2813 convertentem.

159 2860 287 2958 Cupide
301 2861 458 2959 imprimis
472 2863 733 2960 opportunitates
746 2862 910 2960 captabat,
923 2877 1109 2937 exterorum
1120 2864 1151 2935 in
1161 2864 1243 2936 Aca-

112 2981 238 3068 demiis,
258 3007 332 3054 cum
356 2981 541 3053 clarissimis
564 2983 751 3082 quibusque
770 2986 821 3057 vel
842 2986 977 3058 aliarum
1001 2986 1244 3084 disciplinarum

113 3087 374 3200 velTheologiae
392 3105 634 3178 Prolessoribus
654 3132 763 3178 coram
783 3108 928 3179 notitiam
946 3108 1170 3197 contrahendi,
1190 3122 1247 3181 aut

115 3224 241 3324 pridem
264 3227 329 3322 jam
356 3226 557 3299 conciliatam
585 3229 756 3302 amicitiam
779 3230 1004 3303 collocutionis
1032 3231 1247 3304 familiaritate

116 3348 317 3421 instaurandi
342 3374 380 3420 ac
405 3349 627 3423 confirmandi.
662 3354 766 3448 Cujus
789 3354 890 3451 ipsius
911 3354 1083 3443 amicitiae,
1104 3380 1161 3452 per
1178 3354 1246 3427 sre-

118 3497 222 3570 quens
241 3472 347 3545 cultae
369 3474 569 3569 privatarum
590 3474 800 3572 epistolarum
817 3478 1059 3563 commercium,
1078 3478 1247 3575 publicum

117 3597 212 3670 etiam
241 3596 474 3669 documentum
498 3597 738 3670 memorabilem
766 3598 852 3670 illam
875 3598 1035 3671 habemus
1058 3600 1246 3698 epistolam,

120 3721 227 3792 nativd
256 3719 318 3791 stili
348 3720 397 3793 vel
423 3722 526 3818 gratia
550 3721 601 3794 vel
627 3722 822 3818 negligentia
843 3723 939 3820 plane
959 3725 1249 3822 Royaardsia-

119 3869 222 3933 narn,
246 3849 312 3942 qud
332 3845 508 3942 praemissa
524 3847 703 3943 gravissimi
724 3849 841 3946 operis,
863 3848 943 3944 quod
964 3848 1125 3920 Ecclesiae
1144 3848 1249 3920 Medio

117 3965 203 4038 rlovo
222 3965 476 4039 Nederlandioue
493 3969 565 4063 foto
581 3984 705 4058 narrat,
725 3971 862 4043 Tomum
886 3971 1023 4044 alterum
1048 3972 1249 4046 Gieselero

115 4086 281 4187 inscripsit
304 4104 336 4162 et
356 4089 523 4163 L'uclrio
549 4106 581 4164 et
606 4092 839 4166 Ullmanno.
883 4098 1031 4181 Quorum
1057 4096 1103 4193 (at
1120 4096 1250 4194 quantis

114 4211 243 4286 meritis
261 4213 524 4311 praestantiuml)
541 4214 692 4288 Virorum
707 4241 808 4289 unum
827 4243 914 4290 nunc
932 4218 963 4290 in
981 4201 1061 4290 vivis
1078 4243 1249 4316 superesse

107 4389 271 4405 s———ud

156 4488 204 4559 (l)
226 4487 298 4544 Item
318 4487 541 4561 Franoogalliam
562 4488 631 4546 adiit
650 4507 681 4546 ac
701 4489 885 4547 Britanniam.
