2782 4958
560 371 600 413 nn
623 369 821 418 ROYAARDSIO.
1214 353 1254 415 85

119 564 155 614 ao
186 540 285 614 modo
311 565 369 639 per
392 551 578 612 exterorum
607 556 664 613 ant
695 539 896 611 inimicorum
924 537 1042 610 vim'et
1065 535 1252 626 audaciam,

118 663 216 735 modo
244 689 302 762 per
331 664 449 735 civium
479 676 537 735 aut
558 662 736 734 amicorum
767 663 940 732 amentiam
963 673 996 731 et
1021 657 1199 731 discordias
1221 659 1254 730 in

121 811 284 881 summurn
319 786 502 858 discrimen
525 785 720 857 adductam?
770 785 952 881 Sanequam
987 792 1035 854 et‘
1060 779 1253 854 domesticas

120 909 188 982 illas
219 909 328 982 clades
350 923 382 982 et
414 908 561 1007 publicas
589 910 650 979 has
679 906 877 979 calamitates
909 930 949 977 ex
979 904 1091 976 intimo
1121 919 1253 1003 pectore

122 1032 282 1106 dolentem
320 1058 393 1104 eum
431 1033 660 1130 conspeximus
693 1056 732 1102 ac
768 1042 1018 1128 conquerentem
1055 1027 1248 1100 audivimus.

119 1155 201 1240 Sed,
217 1154 306 1254 quod
325 1156 386 1228 atie
404 1157 435 1226 in
455 1181 490 1228 re
512 1155 554 1228 de
569 1156 674 1226 Mario
695 1152 814 1225 dixisse
826 1152 975 1224 novimus
995 1150 1199 1248 Ciceronem(
1226 1152 1252 1249 ),

119 1279 190 1350 tulit
232 1278 383 1365 dolorem,
422 1292 456 1348 at
498 1279 573 1364 Vra,-
613 1278 707 1374 cujns
748 1289 862 1374 pectus
880 1290 885 1297 ’
904 1299 1098 1373 generosum
1141 1274 1251 1347 nullus

113 1399 268 1500 quamvis
295 1400 394 1471 tristis
434 1425 542 1472 rernm
575 1400 791 1471 humanarum
823 1412 959 1470 eventus
987 1399 1082 1497 plane
1112 1398 1251 1496 dejicere

111 1537 248 1622 posset,
276 1548 441 1621 quemque
462 1549 522 1594 nee
546 1523 649 1594 cultas
670 1523 815 1593 instantis
844 1523 978 1593 Tiraant'
1001 1536 1099 1594 mente
1111 1536 1251 1619 quateret

109 1647 220 1719 solidat
241 1672 295 1717 aec
324 1648 438 1717 ciuium
460 1645 556 1718 ardor
578 1669 684 1744 prava
701 1644 885 1742 jubentium.

165 2022 316 2094 Proiecto
341 2022 448 2118 igitur,
468 2022 596 2120 qualem
628 2021 737 2094 Virum
758 2019 975 2118 pulcherrime
996 2019 1149 2119 depinxit,
1165 2045 1251 2120 qna-

120 2144 267 2242 lemquc,
293 2168 334 2216 ne
356 2142 475 2214 nomini
499 2142 583 2215 desit
603 2143 672 2240 ipse
694 2169 771 2226 suo,
795 2144 866 2214 esse
889 2168 963 2215 eum
989 2154 1139 2240 oportere
1152 2168 1252 2215 accu-

117 2280 189 2339 rate
207 2266 319 2339 docuit
337 2291 375 2337 ac
395 2268 535 2365 copiose,
557 2291 654 2366 quem
679 2265 828 2354 diximus,
847 2266 1159 2363 Ebrenbergius
1179 2266 1249 2362 (2);

121 2390 218 2463 talem
236 2389 290 2461 diu
308 2391 520 2487 cognovimus
549 2389 865 2488 Royaardsinm3
889 2415 952 2461 non
974 2415 992 2462 a
1017 2389 1248 2486 magnasolnm

116 2512 284 2585 doctrinae
312 2513 468 2584 varietate
490 2525 589 2610 atque
611 2512 761 2585 ubertate
789 2510 1146 2602 meritooelebratum,
1176 2512 1249 2602 sed,

114 2649 275 2734 quantum
308 2660 365 2731 per
391 2614 554 2706 humanae
579 2648 714 2707 naturae
739 2635 857 2708 licebat
881 2634 1081 2724 tenuitatem,
1103 2637 1151 2723 iis,
1175 2637 1250 2736 qui-

115 2759 179 2830 bus
202 2758 253 2830 vel
277 2759 414 2830 maxime
439 2758 544 2829 uirilis
564 2758 665 2829 animi
682 2758 881 2854 praestantia
898 2758 1054 2850 cernitur,
1073 2759 1249 2833 virtutibus

114 2880 335 2953 excellentem.
376 2882 497 2953 Verum
524 2880 610 2953 illius
637 2881 669 2951 in
696 2880 849 2979 imagine,
873 2908 970 2982 qnam
999 2882 1120 2957 ducere
1140 2887 1247 2957 conati

113 3022 238 3090 sumus,
268 3027 309 3074 nc
340 3001 459 3074 ueritas
490 3000 693 3074 desideretur
723 3027 783 3074 nec
811 3003 1022 3100 praecipuum
1053 3004 1249 3079 obscuretur

114 3132 185 3223 ejus
208 3139 452 3212 ornamentum,
478 3125 532 3196 hle
556 3123 713 3222 imprimis
739 3124 891 3221 proprius
917 3125 988 3221 ejus
1006 3124 1054 3197 vel
1074 3126 1163 3198 color
1184 3154 1247 3199 no-

114 3247 234 3320 tandus
259 3260 309 3319 est
338 3248 389 3319 vel
423 3247 565 3345 spiritus.
618 3246 848 3345 Quodcunque
882 3247 966 3319 illius
995 3248 1025 3320 in
1054 3249 1175 3336 animo,
1213 3252 1245 3322 in

113 3372 196 3459 vite,
211 3371 242 3442 in
261 3369 377 3443 studiis
394 3370 589 3469 scriptisque
604 3369 797 3467 praestabile
811 3369 871 3441 luit
883 3370 1094 3470 omniumque
1111 3371 1244 3468 dignum

113 3494 300 3582 imitatione,
317 3493 348 3565 id
371 3519 412 3566 ex
427 3492 517 3565 nullo
535 3498 683 3565 manasse
704 3492 900 3565 censendum
916 3507 964 3564 est
982 3493 1069 3565 sonte
1083 3493 1243 3583 uberiore,

113 3642 210 3714 qnam
237 3617 363 3690 sincera
389 3642 427 3688 aa
451 3615 611 3688 constanti
635 3642 674 3688 ex
693 3616 765 3714 sida,
786 3640 885 3714 qnam
906 3617 972 3687 Deo
987 3616 1129 3688 babebat
1152 3617 1246 3688 Diri-

112 3765 239 3837 aaeqac,
259 3765 319 3836 par
343 3738 499 3812 Christum
517 3738 726 3836 peccatoribus
745 3737 932 3835 impertitae,
953 3741 1079 3835 prutina
1096 3764 1133 3810 aa
1150 3737 1248 3810 solati

147 4014 332 4084 (1)Dispntt.
356 4013 431 4067 Taso.
454 4014 496 4068 ΙΙ.
520 4021 565 4068 22.

146 4115 193 4184 (2)
215 4111 306 4178 Quem
325 4121 418 4168 tamen
431 4113 500 4182 fidei
512 4114 672 4168 Christianae
687 4115 723 4167 ad
741 4115 830 4169 Virum
850 4113 1054 4169 informandum
1069 4115 1244 4172 efficientiam

111 4231 166 4269 non
187 4211 255 4268 satis
275 4213 437 4280 attendisse,
460 4222 534 4269 certe
555 4231 621 4281 non,
644 4213 724 4268 sicuti
744 4231 796 4285 par
815 4220 892 4282 erat,
914 4214 1030 4284 arsisse,
1054 4233 1110 4287 qno
1129 4215 1243 4286 majoris

109 4322 230 4367 caeteras
250 4311 312 4366 libri
342 4313 422 4368 dotes
448 4312 599 4379 faciebam,
620 4330 654 4368 eo
674 4313 824 4385 impensius
844 4331 953 4386 semper
975 4314 1061 4369 dolui.
1102 4315 1156 4370 Sed
1176 4315 1240 4370 libri

108 4411 220 4466 lectioni
240 4410 389 4481 conjuncta
409 4412 443 4466 de
463 4412 608 4483 religionis
623 4411 795 4468 Christianae
815 4413 842 4467 vi
863 4420 892 4468 et
905 4413 999 4468 indole
1019 4415 1163 4471 meditatio
1183 4433 1240 4470 non

108 4511 146 4565 ita
166 4510 313 4566 difficulter
332 4511 405 4566 huno
423 4510 475 4566 tibi
496 4511 586 4583 operis
607 4512 744 4567 defectum
764 4511 914 4585 supplebit,
936 4514 1055 4569 conlido.
