2782 4958
225 337 288 441 118
710 359 865 404 marorum

225 528 323 593 dando
345 529 443 591 textui
467 549 501 590 ae
524 527 736 592 constituendo
756 525 988 590 laudatissimam
1011 526 1094 592 dedit
1117 549 1248 612 operam.
1272 533 1335 605 Nan,

225 643 316 707 sicuti
338 647 424 706 antee
447 647 526 706 Acta
541 644 748 722 Apostolorum
769 643 936 726 opocrppto
951 642 1014 727 (1),
1038 643 1083 705 sic
1097 664 1181 708 nuno
1195 645 1339 729 &ampelio

224 759 409 842 apocrypha,
444 756 480 819 de
514 756 624 838 quibus
655 756 706 820 hio
728 755 850 838 quidem
880 755 951 820 solis
984 756 1106 822 relaturi
1140 780 1256 834 sumus,
1282 761 1341 822 noui.

223 868 426 952 frequentavit
448 871 542 951 eisque
565 871 671 934 criticis
694 870 838 936 editione.
888 873 983 954 Atque
1007 871 1115 936 horum
1140 875 1177 936 dc
1195 873 1304 955 eripias
1321 880 1342 936 ct

222 1007 288 1059 cao,
314 983 437 1048 biennio
460 988 513 1049 aut
535 984 667 1048 triennio
691 991 773 1062 anie,
798 989 942 1069 tanquam
971 986 1114 1050 editionis
1138 987 1340 1070 praenuntiam,

220 1099 456 1182 disquisitionem
480 1100 689 1164 commemtsirct
718 1100 889 1164 historicam
912 1107 942 1162 ct
963 1099 1109 1179 criticam,
1144 1119 1249 1182 quarn,
1273 1121 1342 1163 amco

221 1213 353 1297 praemio
376 1221 522 1293 ornatam,
554 1214 616 1277 suis
638 1214 670 1276 in
694 1213 835 1297 operibus
857 1212 1059 1278 collocandam
1085 1213 1223 1297 Hopomc
1248 1215 1344 1284 cunrit

215 1347 275 1406 pro
299 1326 413 1391 Christi
435 1325 579 1410 rctipiooe
598 1327 712 1390 immisi
729 1325 870 1391 Societoa.
920 1328 1027 1403 Quam,
1048 1347 1157 1412 quum,
1175 1327 1268 1392 sicuti
1282 1349 1344 1392 nune

222 1443 279 1513 est,
305 1438 417 1522 optime
446 1441 567 1505 meritas
597 1441 715 1505 idoneis
739 1441 776 1506 ab
808 1440 928 1506 arbitris
960 1440 1066 1508 tulerit
1088 1440 1208 1524 laudes,
1240 1445 1345 1529 majores

223 1553 313 1618 etiam
344 1551 470 1618 laturam
500 1577 563 1620 esse
592 1555 725 1637 confido,
757 1557 784 1619 si
814 1557 947 1639 quando,
984 1556 1066 1640 quod
1096 1557 1162 1642 jam
1190 1557 1275 1622 dedit
1299 1559 1343 1640 (2),

222 1670 387 1734 cromatica
417 1691 481 1733 eam
508 1670 660 1750 repetendi
695 1668 811 1735 solvere
849 1671 983 1756 potuerit
1016 1672 1199 1754 promissum
1239 1673 1342 1736 Auchi·

224 1783 310 1858 Quod
345 1805 438 1867 quum
468 1783 535 1848 aliis
557 1784 594 1848 de
617 1785 729 1848 caussis
755 1785 866 1871 stipsi
893 1790 924 1850 ei
953 1783 1115 1849 lectoribus
1146 1785 1277 1872 optabile
1298 1789 1340 1866 esi,

223 2039 285 2075 num
304 2023 444 2075 diversitas.
457 2046 488 2061 ·-
502 2020 572 2073 Iiaee
590 2022 649 2074 ideo
666 2023 772 2081 monui,
784 2037 818 2073 ne
835 2024 899 2075 torte
917 2023 1166 2075 Tischendortii
1185 2026 1340 2084 admiratores,

224 2116 314 2181 quiin
331 2115 450 2167 omnihus
467 2113 524 2177 ejas
549 2117 704 2179 sequendam
722 2123 814 2180 putant
837 2117 1031 2178 anctoritatem,
1048 2131 1100 2168 non
1119 2127 1241 2171 accurate
1264 2118 1340 2169 ultimis
1385 2166 1387 2185 ,

225 2208 295 2259 illiue
312 2207 412 2257 collatis
428 2206 600 2268 editionibus,
618 2209 795 2272 imprudenter
811 2209 844 2260 ab
861 2207 916 2273 ejus
934 2217 1020 2258 mente
1037 2209 1168 2263 recedant.
1385 2188 1387 2199 Ι

259 2298 396 2351 Caeterum
418 2299 562 2351 litterarum
589 2299 748 2352 Graecarum
771 2303 1010 2367 elegantiamque
1035 2305 1145 2367 septima
1165 2303 1230 2353 haee
1249 2302 1340 2354 cernitur

228 2395 319 2456 editio,
341 2393 402 2457 juro
426 2407 510 2458 nuper
526 2393 641 2444 laudavit
666 2401 766 2445 nostras
782 2395 875 2459 aliquis
892 2394 944 2446 Vir
966 2395 1065 2446 doetus.
1093 2396 1134 2459 (Io
1154 2393 1255 2461 Godpei.
1271 2391 1340 2459 Bip'dr.
1385 2410 1387 2419 ·

227 2491 301 2537 1856.
320 2491 346 2546 3,
364 2503 389 2552 p.
408 2489 476 2549 268).
513 2485 565 2538 Sed
583 2487 676 2537 vellem
695 2487 812 2552 equidem
827 2489 875 2538 hta
892 2495 960 2537 corte
978 2489 1004 2538 in
1022 2504 1049 2539 re
1068 2487 1279 2539 Grieabsehii
1293 2485 1341 2536 dili-

223 2580 335 2644 gentiam
352 2579 466 2630 imitatus
484 2586 550 2630 esset
568 2578 695 2641 criticus,
709 2587 738 2630 ut
754 2581 882 2645 integras,
894 2595 959 2645 quae
976 2581 1004 2630 in
1020 2581 1169 2631 commotioris
1185 2581 1293 2646 scriptae
1305 2591 1341 2629 ex·

225 2679 308 2730 stant,
326 2687 401 2723 voces
419 2669 531 2723 Graecas
556 2687 607 2723 non
624 2672 679 2723 sine
695 2680 830 2723 occsmomn
848 2688 878 2725 se
902 2673 1027 2738 spirituum
1044 2674 1178 2724 notatione
1202 2672 1341 2738 reliquisset

224 2761 266 2812 Ita
283 2763 351 2812 onim
370 2763 437 2814 nude
455 2763 570 2827 positae,
589 2777 622 2814 ne
639 2765 671 2813 de
688 2764 786 2814 minore
804 2764 886 2816 diram
905 2767 1101 2831 perspicuitate,
1119 2765 1230 2816 barbaro
1247 2764 1343 2830 quodam

224 2856 314 2908 habitu
333 2857 482 2921 peritiorum
501 2858 589 2909 oeulos
605 2857 746 2908 offendant.
781 2854 840 2920 Quo
864 2857 946 2920 magis
963 2857 1037 2908 nobis
1054 2857 1199 2907 laudandus
1218 2869 1271 2919 est,
1289 2855 1344 2921 qnod

225 2945 254 2999 in
271 2949 461 3015 apocryphorum
478 2957 547 3003 certe
564 2951 679 3014 Euangg.
698 2951 823 3014 editione,
840 2949 1049 3016 orthographicas
1066 2950 1111 3000 has
1133 2956 1210 3001 notas
1226 2963 1273 3000 nor
1287 2947 1345 3000 desi·

226 3043 315 3093 derare
333 3057 385 3094 nou
403 3058 494 3108 passus
511 3051 558 3097 est.

262 3135 299 3198 (1)
318 3135 382 3186 Aeto
399 3135 494 3201 Apostt.
516 3135 663 3203 opocrpplo.
699 3135 744 3187 Ea
769 3142 802 3187 30
827 3135 930 3200 ortr'puis
955 3134 1030 3186 Codd.
1060 3134 1105 3186 Gr.
1124 3136 1161 3188 oet
1177 3154 1241 3189 muas
1259 3138 1349 3205 primun

225 3227 298 3286 eruit,
311 3227 347 3278 vet
357 3227 482 3279 amandum
493 3237 561 3294 utque
574 3228 717 3280 emendatius
728 3228 801 3280 edidit
813 3228 879 3280 Con
887 3238 924 3281 st.
934 3229 1054 3287 'Piscina
1067 3229 1139 3294 Lips.
1153 3236 1230 3282 1851.
1247 3232 1350 3283 Primam

224 3322 276 3380 hie,
289 3337 315 3386 p.
326 3321 488 3381 I-LXXX,
501 3321 617 3388 Prolspp.
628 3325 798 3385 continentur,
814 3324 907 3387 quibus
924 3324 955 3373 de
968 3323 1059 3374 horum
1078 3325 1235 3388 scriptorum
1253 3326 1350 3389 origine,

226 3415 318 3479 pretio,
330 3412 411 3466 eodo.
422 3417 495 3466 docte
506 3416 657 3480 disputatur.
675 3416 754 3477 Tum,
767 3433 792 3481 p.
802 3419 912 3476 1-atc,
924 3417 979 3480 ipsa
991 3422 1134 3479 sequnntur
1146 3414 1246 3482 Apocr.
1256 3415 1352 3476 Graece,

226 3506 327 3570 adjecta
348 3508 414 3558 lectt
434 3521 487 3558 rar.
522 3505 578 3557 Iloo
594 3507 626 3558 de
646 3523 688 3572 op.
708 3508 819 3560 breviter
844 3510 931 3559 retulit
955 3509 1142 3569 Enaldius,
1160 3511 1188 3559 in
1216 3508 1305 3562 Jatrt.
1317 3509 1354 3559 do

225 3599 281 3650 titt.
301 3598 444 3651 Wissemsch.
462 3599 512 3651 IV.
534 3605 712 3661 1851--1852,
725 3617 750 3666 p.
771 3608 818 3653 126
835 3617 904 3668 sqq.;
924 3630 954 3639 -
973 3602 1102 3668 copiosius
1119 3603 1151 3652 L.
1169 3603 1354 3665 Peltius,in

225 3692 381 3744 Reater’s
397 3691 454 3757 adp.
472 3691 572 3758 Repert.
590 3694 623 3744 ad
641 3710 677 3745 m.
695 3694 847 3757 Oct.1853,
866 3712 891 3761 p.
909 3701 924 3746 8
942 3711 997 3761 sqq.
1033 3694 1126 3761 aquo
1144 3696 1242 3760 optimc
1259 3696 1364 3755 meritas

225 3786 285 3836 tulit
303 3781 414 3837 Oriticus
431 3788 534 3846 laudes,
549 3791 631 3852 quod,
650 3788 690 3838 vel
703 3789 813 3851 primum
828 3789 869 3838 vel
886 3790 1060 3848 emendatius,
1080 3803 1158 3852 quarn
1174 3798 1254 3840 antea
1270 3792 1354 3840 sartum

226 3887 298 3936 erat,
320 3877 388 3927 XIII
409 3878 477 3928 hisco
495 3880 568 3929 editis
585 3879 672 3938 Actis,
689 3881 821 3944 insigniter
839 3880 1021 3931 litteraturam
1040 3897 1136 3932 sacram
1157 3883 1353 3948 locupletandam

226 3971 334 4019 curarit.
369 3970 475 4021 Etiamsi
494 3973 562 4022 enim
581 3972 766 4038 Apostolorum
782 3981 860 4038 atque
876 3976 1068 4039 antiquissimae
1087 3973 1295 4026 Christianorum
1313 3974 1354 4022 Ec·

226 4063 318 4112 clasiae
340 4062 471 4115 historiam
496 4080 546 4116 non
569 4066 726 4131 locupletant
749 4067 871 4131 pleraque
901 4069 964 4119 haee
986 4065 1161 4132 Apoerypha‚
1187 4084 1237 4118 neo
1254 4068 1353 4118 multum

227 4156 291 4207 lucis
314 4155 351 4205 illi
378 4155 466 4206 alicrre
494 4160 620 4209 censenda
646 4167 721 4216 sunt;
752 4162 876 4224 pretiosas
903 4169 987 4210 tamen
1012 4161 1145 4210 continent
1172 4163 1205 4210 ed
1225 4161 1352 4211 Historiam

229 4248 385 4311 Dogrnatum
404 4258 480 4314 atque
502 4252 715 4317 Archaeologiam
734 4254 911 4316 explicandam
927 4255 1063 4318 symbolas.
1100 4254 1176 4314 Quod
1190 4271 1250 4305 vere
1268 4252 1353 4307 monuit

228 4342 383 4392 Pettius.
418 4346 481 4394 Item
500 4348 590 4395 horum
610 4347 709 4396 fribulae
729 4345 810 4395 Locos
828 4348 976 4397 confirmant
995 4347 1164 4399 veracitatem.

262 4436 299 4497 (t)
321 4437 379 4485 Vid.
401 4436 515 4502 lt‘rtonpp.
535 4455 615 4502 upocr.
636 4437 748 4503 Prolcpp.
768 4455 792 4502 ps
812 4438 887 4487 Vlll.
