2782 4958
219 1231 375 1298 Memoria
398 1230 420 1296 J
428 1231 570 1297 oannis
592 1229 781 1308 Olariese,
809 1228 964 1317 lleetepi.
1012 1227 1141 1296 Auctore
1170 1226 1262 1297 Her·

265 1368 399 1412 manno
414 1346 595 1414 Boumau.
614 1344 702 1434 Traj.
721 1343 924 1422 odereuum,
942 1346 1042 1414 1850.
1060 1344 1114 1430 Pp.
1126 1347 1204 1410 355.
1232 1347 1263 1407 8.

221 1632 228 1666 x
618 1619 785 1643 ²¹⁴0——

171 1851 288 1928 Huuo‚
313 1850 400 1936 eujus
421 1851 549 1919 titulum
582 1851 817 1939 adscripsimus,
850 1852 964 1919 librum
994 1872 1066 1918 eum
1096 1871 1201 1917 eorum
1231 1851 1263 1917 in

112 1978 290 2035 numerum
313 1988 331 2031 a
353 1986 401 2033 une
432 1965 563 2032 relatum
593 1966 726 2033 viderint
748 1967 888 2048 lautores,
920 1967 958 2032 de
988 1963 1099 2050 quibus
1130 1963 1264 2031 breviter

113 2076 270 2146 dicturus
292 2080 368 2157 eim,
385 2085 487 2147 ‘erunt
507 2080 635 2147 fortasse
656 2081 812 2160 nonnulli,
837 2083 910 2167 qui,
933 2078 1087 2165 proverbii
1116 2098 1264 2145 memores

115 2194 260 2279 antiqui:
274 2214 343 2258 x‚sera
365 2195 470 2280 cuique
493 2195 593 2281 placet
614 2194 748 2272 Helena,
774 2218 822 2261 me
844 2195 892 2261 vel
914 2196 1000 2280 ejus,
1025 2195 1051 2257 si
1074 2214 1150 2279 qnae
1173 2196 1261 2270 snut,

113 2303 207 2373 bona
231 2307 509 2373 commendaturum
525 2329 590 2373 esse
613 2315 800 2394 exspectent,
823 2310 871 2375 vel
886 2309 1022 2374 defectus
1036 2311 1261 2383 excusaturum,

114 2420 175 2487 vel
198 2421 409 2507 integritatem
429 2420 473 2486 ab>
489 2420 727 2508 obtrectatorum
750 2424 912 2516 iniquitate
935 2422 1169 2489 vindicaturum.
1203 2419 1264 2485 Ve-

114 2553 198 2601 rum
217 2536 361 2620 primm
381 2535 459 2601 illud
480 2558 520 2601 ne
542 2537 644 2618 faeiat,
674 2543 828 2604 auetorem
850 2538 997 2602 modestia
1016 2540 1101 2602 vetat
1123 2555 1158 2600 ao
1179 2554 1264 2600 vera·

113 2647 252 2716 nundin.
297 2647 459 2726 Alterum,
492 2653 641 2734 quantum
663 2651 799 2716 sufficere
821 2651 997 2732 videbatur,
1025 2651 1123 2736 ipsine
1144 2649 1263 2735 egimus

115 2761 269 2848 opnsonh'
291 2762 489 2847 praefatione.
538 2762 630 2837 Quod
654 2762 776 2848 quidem
806 2763 985 2849 opuseulum
1014 2762 1126 2849 quibus
1147 2761 1264 2830 laboret

118 2874 318 2958 «letantibus,
344 2876 391 2942 rol
417 2899 455 2942 ox
477 2877 610 2943 aneuris
631 2879 781 2943 tenuitate
802 2880 901 2956 natis,
927 2879 975 2944 vel
997 2901 1034 2945 ex
1056 2899 1159 2944 rerum
1188 2899 1263 2944 nou·

117 2989 280 3057 nullarum
313 2991 505 3076 ignoratione
537 2991 699 3076 proiectis,
732 2992 781 3057 vel
814 3014 851 3058 ex
886 2990 1037 3058 scribendi
1068 2992 1262 3056 feuinatioue

121 3106 305 3183 eontraotis,
330 3126 370 3168 ne
392 3105 575 3170 severissimi
605 3105 730 3190 quidem
752 3108 869 3192 ingenii
888 3107 983 3192 judex
1012 3105 1130 3191 plenius
1158 3104 1259 3182 facile,

122 3241 218 3305 qnam
241 3219 307 3305 ipse
329 3223 399 3304 ego,
416 3222 613 3304 perspexerit.
660 3222 709 3286 nd
725 3220 955 3307 reprehensores
969 3225 1070 3285 autem
1086 3219 1167 3305 quod
1189 3219 1261 3283 atti·

123 3341 193 3410 nat,
217 3333 317 3418 iniqui
339 3334 365 3397 si
388 3334 442 3419 qni
463 3340 537 3401 aunt
558 3339 590 3398 et
612 3334 762 3409 malevoli,
790 3334 893 3419 quales
913 3334 946 3397 in
969 3334 1070 3418 priora
1092 3337 1173 3396 oerta
1195 3352 1263 3396 mea

127 3445 351 3532 qualiacunque
371 3449 485 3534 seripta
505 3447 634 3513 subinde
656 3448 805 3514 inroltsse
828 3450 975 3534 putarunt
996 3446 1110 3533 Amini3
1139 3444 1262 3530 pristini

127 3582 177 3626 me
209 3561 334 3626 minime
366 3564 502 3648 poenitet
535 3563 655 3631 eousssii
689 3564 811 3630 silentio
847 3563 949 3648 potius
983 3583 1034 3626 eoa
1067 3561 1262 3638 confutandi,

129 3695 239 3760 quarn,
271 3677 395 3761 injuriis
423 3679 559 3744 aieiasim
582 3679 764 3764 reponendis
786 3700 821 3743 ac
843 3678 1026 3754 maledictio,
1063 3674 1204 3741 irritandi
1227 3696 1262 3740 ae

130 3789 305 3856 lacessendi.
352 3792 522 3857 Benerdoe
551 3813 623 3859 vero
656 3794 823 3859 monitores
853 3793 1018 3857 amicorum
1052 3791 1120 3856 looo
1152 3789 1264 3858 habere

131 3925 182 3988 por
203 3910 261 3986 est,
292 3908 359 3990 qni,
391 3928 454 3971 nou
476 3907 508 3972 id
531 3912 656 3993 agentes
684 3912 721 3972 ut
750 3913 870 3974 nostros
893 3906 990 3972 veluti
1019 3907 1052 3971 iu
1075 3905 1264 3991 triumphum

133 4016 242 4083 (luunt
264 4039 393 4102 errores,
418 4022 458 4085 iio
479 4042 535 4089 nos
557 4021 686 4087 liberare
707 4023 816 4087 malint
837 4044 873 4086 ae
887 4022 1012 4086 meliora
1034 4021 1168 4087 edoeere,
1202 4019 1263 4084 Ve-

133 4151 197 4198 rum
229 4134 304 4219 quid
333 4141 380 4199 est
408 4136 490 4221 quod
521 4136 613 4222 hujus
635 4136 812 4223 singulatim
833 4135 929 4200 libelli
952 4136 1180 4222 reprehensores
1217 4134 1265 4198 lo·

135 4247 226 4328 quar?
273 4249 352 4314 Eum
375 4251 458 4316 enim
481 4251 632 4337 plerique,
657 4251 694 4315 ad
718 4271 848 4334 quorum
871 4251 1009 4314 notitiam
1032 4250 1190 4334 pervenit,
1215 4248 1264 4313 vel

137 4360 211 4426 eires
234 4359 281 4429 'vel
305 4365 401 4430 exteri
424 4364 561 4432 homiues
585 4368 620 4431 et
644 4370 826 4450 aeceperunt
847 4362 1069 4447 benevolentiis,
1103 4385 1179 4448 quae
1203 4385 1263 4431 uon
