2828 4950
522 374 526 381 .
566 348 605 390 nn
628 347 826 391 nortannsro.
1186 352 1196 371 ·’
1224 329 1263 392 dl

140 514 308 598 tuentem,
326 510 414 610 quod
432 510 598 610 professus
615 526 693 599 erat,
714 510 884 584 consilium
908 513 1040 611 exsequi
1063 538 1128 585 non
1151 515 1266 611 potuit.

137 638 244 708 Haece
274 649 383 707 autem
414 633 543 732 prodita
577 633 776 730 Anthologia
801 632 832 703 id
858 658 894 705 se
921 641 1086 731 spectdsse
1111 636 1266 724 affirmat,

136 773 170 830 ut
206 760 344 854 ipsorum
380 758 516 828 Petrum
553 781 733 853 eorumque,
764 779 844 852 quoe
877 755 1057 846 ediderunt,
1083 760 1270 855 scriptorum

135 881 279 978 aliquam
296 880 357 952 sibi
374 880 517 952 notitiam
535 892 753 976 compararent
780 877 964 976 Troiaque
983 879 1122 952 studiosi
1142 882 1270 952 lorum-

134 1029 193 1100 que
223 1028 292 1073 cum
325 1016 561 1100 arpumentum,
601 1016 665 1072 tum
693 1000 830 1096 firrmam
866 1018 1075 1097 oopoosocreot
1102 1004 1163 1102 (l).
1215 1005 1269 1075 Ad

135 1125 226 1225 quod
243 1125 349 1222 ipsum
366 1124 536 1196 consilium
555 1124 717 1212 locorum,
734 1148 818 1221 quos
833 1138 1035 1222 excerperet,
1056 1139 1089 1197 et
1106 1125 1268 1199 delectum

134 1264 168 1323 et
182 1250 444 1322 consecutionem
463 1248 641 1346 prudenter
651 1251 885 1345 attemperdsse
901 1248 980 1319 mihi
994 1248 1131 1321 videtur.
1158 1250 1269 1348 Atque

135 1372 272 1446 alterius
291 1372 430 1444 maxime
450 1371 554 1443 Partis
577 1370 752 1469 praelatio,
775 1396 860 1469 quos
876 1371 1065 1468 compellat,
1084 1373 1269 1470 Discipulos

135 1496 337 1593 gravissimis
357 1495 500 1593 impertit
516 1493 659 1582 monitis,
678 1493 719 1566 ad
745 1493 949 1568 utilissimum
968 1497 1104 1567 Patrem
1125 1496 1270 1570 studium

134 1631 169 1692 et
196 1615 435 1692 incendendum
462 1629 494 1690 et
520 1616 755 1690 moderandum
782 1617 899 1690 eximie
923 1620 1128 1717 comparatis.

187 1868 253 1942 Sed
279 1869 375 1967 plura
400 1871 428 1942 ei
456 1869 577 1968 scripta
602 1868 780 1954 debemus,
801 1867 942 1965 optimae
968 1867 1070 1964 lrugis
1096 1867 1167 1951 illa,
1195 1867 1271 1964 qui-

135 1992 202 2066 bus
226 1978 316 2064 luris
339 1992 553 2064 Ecclesiastici
573 1990 624 2064 vel
649 2014 792 2062 amorem
817 1989 999 2088 aequalium
1021 1989 1053 2061 in
1077 1989 1192 2062 animis
1213 2015 1271 2062 ex-

136 2116 239 2189 citare
265 2127 402 2188 conatus
428 2129 495 2204 est,
520 2115 572 2187 vel
596 2115 774 2188 doctrinam
798 2139 911 2186 eorum
934 2115 966 2186 in
993 2139 1073 2188 usus
1097 2112 1268 2187 illustrare.
1335 2093 1336 2097 Ἰ

136 2236 269 2322 Quibus
290 2237 322 2309 in
343 2236 472 2334 scriptis
489 2261 574 2336 quae
593 2236 661 2334 ipsa
679 2263 754 2311 cum
766 2237 914 2310 Historicl
932 2236 1271 2334 conjunctioraerant,

138 2383 179 2431 ea
204 2384 304 2457 supra
336 2363 403 2456 jam
438 2359 670 2432 recensuimus
723 2362 845 2433 Verum
880 2359 942 2430 alia
972 2375 1065 2448 sunt,
1097 2384 1199 2457 quae,
1225 2358 1269 2446 si,
1340 2401 1342 2406 ·

139 2481 236 2555 sicuti
263 2506 322 2578 par
345 2493 428 2570 erat,
458 2481 591 2554 laudare
612 2508 675 2554 non
704 2507 894 2579 possumus,
913 2481 1055 2554 breviter
1075 2496 1182 2554 tamen
1207 2479 1271 2553 hoc

137 2603 212 2676 loco
231 2627 411 2676 memorare
432 2615 570 2700 oportet.
606 2605 680 2689 Quo
703 2605 802 2700 igitur
820 2605 959 2703 primum
981 2605 1081 2676 oratio
1103 2601 1272 2676 reserenda

139 2738 209 2814 est,
236 2751 264 2798 a.
287 2725 381 2798 1849
403 2725 445 2798 ad
464 2727 606 2798 Iastitoti
624 2728 719 2825 Repii
738 2727 850 2800 Socios
876 2727 986 2800 habita
1003 2752 1042 2800 ac
1063 2726 1270 2826 postmodum

138 2831 329 2947 publicata,
355 2873 457 2946 quae,
483 2848 563 2920 varii
585 2851 712 2946 generis
740 2849 845 2922 allatis
871 2850 1084 2946 argumentis,
1112 2847 1271 2946 ejusmodi

139 2996 213 3044 esse
235 2970 353 3068 probat
371 2995 460 3058 eam,
479 2970 520 3042 de
541 2977 607 3069 qud
627 2971 734 3044 dicere
753 2972 949 3070 incepimus,
971 2970 1272 3068 disciplinamque

140 3092 322 3165 academico
344 3117 451 3164 carere
474 3119 535 3164 uon
560 3096 656 3190 possit
682 3119 737 3163 neo
758 3094 865 3165 debeat
889 3094 1041 3165 institutio
1063 3095 1126 3192 (2).
1178 3093 1273 3166 Unde

141 3231 346 3316 quantopere
367 3214 452 3288 hanc
469 3241 568 3289 curae
585 3215 742 3314 cordique
754 3216 891 3289 haberet
908 3216 1099 3303 doctrinam,
1118 3241 1156 3288 ac
1173 3241 1271 3314 quam

141 3353 239 3412 acute
266 3341 336 3436 ejus
363 3339 426 3410 vim
456 3352 488 3411 et
511 3338 669 3411 ambitum
695 3352 728 3411 et
749 3352 947 3412 momentum
975 3339 1173 3439 perspiceret
1198 3361 1272 3409 om·

141 3461 242 3534 nibus
268 3461 427 3559 apparuit.
1092 3444 1095 3450 ¹

192 3586 316 3658 Verum
342 3610 405 3656 non
433 3583 603 3657 doctorum
629 3583 734 3656 solum
762 3582 882 3656 muscis
907 3583 1139 3682 doctrinaeque
1164 3583 1273 3655 subti-

140 3706 242 3794 litati,
267 3707 325 3779 sed
346 3706 467 3780 Christi
489 3706 676 3792 Ecclesiae,
701 3705 760 3779 sed
780 3705 1033 3778 Protestantium
1061 3705 1273 3779 incolumitati

138 3829 337 3928 juribusque
367 3829 496 3903 tuendis
521 3842 554 3902 et
587 3829 649 3902 alia
674 3841 707 3902 et
733 3828 814 3902 haec
839 3853 899 3901 sua
924 3827 1032 3900 studia
1063 3828 1194 3902 volebat
1219 3829 1272 3901 in-

138 3984 288 3997 Μ

181 4079 230 4150 (1)
249 4078 315 4134 Vid.
337 4079 371 4134 P.
391 4078 417 4134 1.
434 4080 523 4149 praef.
544 4099 574 4151 p.
595 4085 622 4133 8.

181 4180 231 4250 (2)
251 4180 303 4234 Het
317 4179 444 4248 Kerkrcqt
466 4180 506 4233 als
529 4179 705 4250 Wctenoclrap‚
731 4182 779 4234 oolc
797 4196 856 4233 anor
874 4179 915 4234 liet
936 4177 1111 4232 nicodemisclre
1131 4177 1270 4245 ondermj’s.

147 4279 235 4336 Voorl.
253 4280 380 4348 qeloadcn
398 4279 426 4332 iu
444 4279 474 4332 de
494 4276 760 4332 stomacatione
779 4277 848 4332 Koa.
869 4277 939 4333 Ned.
954 4277 1020 4331 Inst.
1047 4272 1184 4346 Reposito
1200 4289 1275 4328 oom-

141 4383 225 4450 paret
243 4375 334 4432 oratio
353 4375 383 4432 in
403 4374 516 4447 Opere:
545 4377 621 4432 Den
640 4376 714 4434 Tex
733 4395 764 4434 ea
783 4398 810 4435 v.
831 4377 934 4448 Hell;
967 4377 1068 4435 Nederl.
1093 4375 1186 4430 Jcorlr.
1215 4389 1275 4428 voor

139 4479 183 4531 liet
200 4476 282 4547 Re9t;
299 4473 365 4532 Vol.
386 4473 441 4530 XI.
462 4474 496 4528 P.
521 4481 546 4529 1.
721 4479 723 4482 ’
