2782 4958
621 371 798 414 nuncnoors.
1214 352 1277 419 163

126 536 256 601 fortiter
279 535 410 617 solebat,
436 536 479 601 sic
490 597 492 601 ,
504 536 562 602 tibi
577 540 715 604 animam
731 539 837 623 aperit,
856 542 892 602 ut
914 537 1118 604 abditissimos
1136 562 1271 626 quosque

127 653 200 738 ejus
223 674 360 718 recessus
383 674 487 717 cernas
509 658 541 717 et
563 653 735 737 penetralia.
782 652 853 724 Qua
876 652 995 738 duplice
1017 654 1102 737 quasi
1119 654 1195 719 clavi
1218 657 1270 720 ad-

126 767 245 846 hibiti,
270 769 292 833 i.
316 791 342 832 e.
366 772 398 832 et
421 769 486 832 aevi
509 772 541 832 et
563 767 695 832 hominis
718 767 827 831 studiis
849 768 1015 851 perpensis,
1040 789 1101 832 nou
1125 771 1221 856 magis
1239 777 1271 835 te

125 882 330 949 Bernardi
353 883 532 968 magnitudo
547 880 665 958 latebit,
685 880 801 945 ardenti
815 880 949 964 profecta
966 903 1004 946 ex
1019 880 1137 947 Christi
1154 904 1267 964 amore,

127 1018 225 1081 quam
249 997 351 1062 seculo
380 998 500 1082 potius,
533 1018 622 1080 quam
653 996 730 1080 ipsi,
762 994 924 1060 tribuenda
954 995 1195 1079 pusillanimitas.
1227 1037 1267 1048 —-

132 1108 353 1177 Gnosticorum
374 1111 523 1177 doctrinis
546 1131 580 1174 ac
604 1111 783 1175 commentis
798 1110 872 1194 qnid
895 1107 1052 1176 obscurius
1075 1110 1176 1191 habet,
1193 1115 1268 1196 quid

127 1226 233 1310 magis
263 1225 452 1290 reconditum
475 1230 555 1305 tota,
589 1226 649 1308 qud
680 1223 739 1288 late
762 1229 864 1308 patet,
898 1224 1084 1309 Dogmatum
1108 1224 1266 1291 Historia?

129 1337 206 1410 Quo
236 1338 401 1423 impensius
430 1337 522 1421 hujus
551 1336 699 1402 Historici
734 1358 802 1401 cum
833 1338 966 1401 eruditio
997 1338 1170 1406 admiranda
1205 1346 1268 1417 est,

128 1457 200 1517 tum
229 1453 416 1525 constantia,
455 1473 531 1535 quae
562 1453 594 1515 in
625 1451 822 1516 Cimmericas
852 1451 919 1515 illas
940 1451 1034 1516 veluti
1065 1452 1203 1518 tenebras
1226 1455 1268 1518 ita

130 1588 199 1632 sese
221 1569 345 1632 demisit
367 1572 457 1651 atque
478 1568 522 1632 ita
545 1587 594 1630 eas
616 1565 791 1642 illustravit,
826 1569 862 1629 ut
893 1568 1063 1631 animantes
1093 1573 1174 1633 certe
1207 1568 1269 1632 lec·

129 1681 253 1747 toribus
286 1682 471 1768 pellucerent
503 1682 701 1767 opinionum,
737 1702 811 1764 quar
842 1681 1080 1765 profitebantur,
1113 1685 1200 1749 ideae
1233 1706 1268 1747 ac

131 1797 282 1882 principia
305 1797 368 1884 (1).
390 1835 435 1846 --
455 1796 513 1861 Sed
536 1797 624 1860 novis
641 1795 814 1860 identidem
838 1795 1132 1882 Monogrammatum
1157 1819 1268 1862 muue-

135 1911 219 1977 ribus
242 1909 361 1978 Christi
384 1912 543 1976 Societatis
573 1910 729 1975 historiam
758 1909 940 1994 locupletare
975 1911 1119 1997 pergebat
1150 1915 1269 1978 Auctor

135 2027 316 2091 indefessus.
363 2026 426 2090 Vix
456 2027 588 2090 triennio
620 2027 701 2090 enim
723 2026 901 2109 interjecto,
937 2026 1040 2110 spissis
1074 2025 1270 2092 Gnostioismi

137 2161 172 2205 ex
187 2139 330 2226 vepribus
344 2162 379 2204 ac
394 2141 526 2205 dumetis
540 2142 573 2204 iu
589 2141 729 2205 laetiores
751 2162 806 2203 nos
828 2140 933 2204 hortos
955 2138 1080 2203 deducit
1101 2162 1136 2204 ac
1158 2142 1268 2205 virida-

137 2256 190 2319 ria.
235 2258 264 2320 A
288 2254 457 2319 Basilide
481 2276 516 2318 ac
539 2252 743 2318 Valentino
767 2253 804 2317 ad
826 2254 848 2318 J
857 2275 1019 2319 oannem
1042 2276 1178 2340 gressum
1195 2257 1269 2321 facit

138 2367 471 2452 chrysostomum.
521 2368 590 2433 Nec
612 2389 683 2432 vero
707 2368 797 2453 hujus
823 2368 919 2454 magis
942 2368 1002 2434 fata
1024 2374 1143 2432 enarrat
1162 2391 1197 2434 ac
1219 2391 1268 2434 res

137 2489 245 2566 gestus,
270 2483 400 2548 virtutes
423 2487 512 2566 atque
534 2480 748 2567 eloquentiam,
772 2502 863 2566 quam
885 2481 1050 2564 Ecclesiae,
1070 2484 1157 2567 eujus
1179 2505 1268 2550 orna·

136 2603 268 2661 mentum
297 2604 374 2676 erat,
405 2603 514 2680 quarto
543 2597 647 2662 seculo
676 2602 765 2680 atque
794 2598 919 2660 ineunte
949 2599 1056 2680 quinto
1087 2599 1119 2662 in
1141 2597 1268 2664 Oriente

136 2709 287 2786 florentis,
319 2712 457 2774 fidissimi
487 2711 619 2775 Pictoris
641 2712 755 2784 instar,
789 2712 950 2795 imaginem
974 2714 1007 2774 in
1031 2711 1151 2776 chartae
1174 2712 1269 2778 veluti
1376 2724 1380 2730 ’

135 2826 235 2891 tabuld
258 2825 389 2890 delineat
413 2826 470 2909 (2).
494 2861 539 2871 --
562 2825 785 2888 Memorabilia
816 2831 983 2909 praetereo,
1015 2828 1150 2909 quamvis
1179 2850 1268 2912 prae·

136 2939 263 3020 stabilia,
289 2963 326 3005 ea·
349 2939 505 3024 redipiom's
532 2939 669 3023 vitaeque
700 2937 893 3004 Christianae
912 2940 1009 3025 fastis
1033 2941 1160 3017 lausto;
1194 2945 1266 3027 qui-

136 3052 188 3120 bus
226 3054 380 3138 aliquanto
419 3060 487 3138 post
524 3054 614 3116 editis
638 3053 689 3116 ‘ad
728 3052 849 3118 illorum
892 3055 1026 3118 studium
1064 3078 1123 3119 non
1164 3057 1269 3121 doctos

135 3173 263 3245 tantum,
287 3168 339 3231 sed
362 3167 505 3231 cultiores
527 3167 650 3250 quosvis
672 3166 791 3230 allicere
815 3166 933 3231 volebat
950 3167 1095 3233 homines.
1120 3170 1179 3234 Cui
1198 3193 1266 3235 cou-

135 3284 200 3348 silio
231 3283 416 3367 assequendo
447 3304 483 3346 eo
511 3283 610 3369 magis
640 3281 896 3346 accommodatum
929 3304 991 3346 esse
1019 3283 1077 3347 hoc
1101 3306 1176 3368 opus
1199 3307 1267 3350 een·

135 3399 258 3463 sendum
282 3403 338 3477 est,
364 3395 431 3482 quo'
447 3396 534 3482 plura
556 3418 588 3460 re
611 3401 641 3460 ct
665 3398 791 3460 veritate
806 3384 1017 3461 memorabilia
1033 3397 1069 3460 de
1087 3398 1170 3462 Viris
1186 3398 1266 3465 haud

134 3514 236 3597 paucis
267 3512 409 3577 tradenda
438 3517 536 3589 curat,
573 3532 649 3596 quos
682 3510 804 3574 Christo
835 3511 936 3574 hahita
971 3512 1043 3576 fides
1070 3520 1100 3576 et
1130 3536 1161 3577 se
1193 3514 1267 3598 ipsis

138 3730 284 3739 ψ...

165 3883 205 3946 (l)
222 3879 360 3934 Gemmeus
372 3881 552 3946 Enueiclrelanp
564 3882 606 3932 der
627 3884 784 3933 oornelmsten
801 3882 953 3935 Grmstisolrea
965 3886 1080 3951 Spatana·
1093 3888 1177 3938 Berol.
1192 3893 1266 3939 1818.

164 3978 203 4040 (2)
221 3976 276 4026 Dar
292 3975 375 4040 teilipe
391 3975 409 4026 J
415 3976 560 4025 ohannes
578 3974 829 4040 chrysostomus
847 3979 897 4027 aad
913 3979 950 4028 die
967 3978 1069 4040 Kirete,
1089 3980 1213 4030 desonders
1225 3981 1267 4032 des

136 4068 235 4130 erma,
255 4070 279 4119 in
303 4068 386 4118 maren
408 4066 535 4131 Zeimlter;
559 4069 644 4118 Berol.
668 4074 742 4119 1821.
764 4075 838 4119 1828.
856 4071 884 4120 II
902 4070 998 4121 Tomis.
1035 4071 1135 4136 Operis,
1154 4076 1266 4136 quadiu

135 4164 275 4227 praecipuis
293 4162 402 4212 Auctor-i
420 4162 515 4212 deliciis
537 4169 601 4221 erat,
626 4163 714 4221 tertia,
734 4175 814 4224 eaque
837 4163 945 4212 multum
965 4165 1098 4213 emendata
1114 4171 1139 4214 et
1156 4165 1266 4216 Inhoitn

136 4265 214 4317 meta,
231 4256 309 4306 editio
327 4255 410 4306 itsilem
427 4257 530 4320 prodiit,
549 4272 573 4304 a.
594 4260 667 4305 1848,
702 4254 887 4305 Nederlandice
905 4270 1042 4306 convorsus
1060 4256 1137 4317 liber,
1162 4265 1266 4309 auctore

136 4347 167 4401 D.
184 4349 359 4409 Koorders,
387 4349 480 4412 prodiit
504 4349 626 4399 Roterod.
655 4352 727 4398 1852.
754 4347 781 4396 11
807 4347 905 4398 Tomis.
942 4347 1014 4408 Quae
1039 4350 1159 4401 laudatur
1186 4352 1266 4406 iuter·

136 4443 247 4503 precatio.

1079 4533 1151 4604 lli
