2782 4958
612 390 773 448 causamn.
1194 380 1255 442 113

107 558 200 622 illius
224 559 386 623 admiratus
410 565 486 624 esset
509 560 735 642 liberalitatem,
768 561 854 645 cujus
877 566 983 626 testem
1005 561 1148 630 habemus
1170 564 1253 629 locu·

106 672 324 758 pletissimam,
350 695 440 758 quam
456 675 563 740 Petras
583 675 742 760 Apostolus
759 679 856 759 (narr.
875 679 954 755 App.
973 677 1042 761 Cap.
1062 678 1096 740 ΙΙ.
1116 680 1152 742 Π
1170 683 1253 763 sqq.)

106 785 264 864 laudavit,
300 788 465 851 orationem
495 787 709 873 propheticam.
736 822 778 835 -
803 792 910 854 Verum
940 790 996 854 hoo
1028 791 1161 857 Secutum
1191 800 1247 869 est,

107 902 163 966 cui
190 901 288 966 multa
310 902 507 966 condonanda
537 903 630 986 putot
660 941 701 950 -
730 903 869 988 Ejusdem
892 905 1006 970 oraculi
1037 906 1074 970 de
1104 906 1250 985 clausula,

107 1039 201 1096 versu
230 1019 263 1094 d,
290 1016 375 1101 plura
399 1020 442 1101 (p.
473 1018 527 1099 lb)
550 1017 738 1101 dicit,·quae
760 1017 879 1083 laudem
901 1018 1040 1085 habeant.
1088 1022 1253 1106 inquibus

108 1137 217 1196 tamen
242 1153 302 1196 non
326 1132 519 1213 censendum,
537 1132 619 1216 quod
642 1133 752 1197 iterum
776 1135 945 1217 iterumque
960 1156 1034 1220 vage
1056 1140 1144 1220 atque
1166 1137 1252 1201 inde·

110 1249 203 1313 finite
227 1255 338 1312 montes
364 1252 532 1331 nuncupat,
558 1246 611 1311 ubi
635 1248 671 1311 de
694 1269 756 1313 uno
779 1250 829 1334 agi
852 1249 951 1314 Sionis
976 1258 1073 1316 monte
1091 1250 1149 1316 loci
1165 1252 1253 1318 docet

109 1365 341 1446 argumentum,
366 1361 524 1424 confirmat
546 1358 683 1425 historia.

160 1592 239 1670 Cap.
261 1593 305 1668 ΙΙ,
326 1600 393 1658 rect.
418 1594 448 1656 8.
471 1591 526 1657 Ubi
550 1593 677 1657 Deorum
700 1593 884 1678 imaginibus
906 1593 1050 1679 repletam
1066 1616 1129 1660 esse
1143 1600 1251 1661 terram

113 1704 266 1790 Propheta
289 1707 500 1790 conqueritur,
524 1706 740 1791 reprehendere
762 1728 833 1772 eum
855 1708 975 1773 videtur
993 1709 1151 1794 interpres,
1169 1712 1250 1794 quod

114 1821 277 1885 immodice
300 1842 363 1885 rem
387 1825 547 1907 exaggeret
568 1826 658 1905 atquc
681 1820 854 1906 amplificet.
905 1823 985 1897 Quae
1007 1845 1043 1888 eo
1065 1827 1161 1910 magis
1176 1826 1251 1890 mibi

113 1937 191 2001 mira
223 1935 332 1999 accidit
362 1936 565 2020 reprehensio,
590 1935 734 2019 quoniam
757 1934 836 1999 haud
859 1936 1048 2001 incommode
1075 1959 1136 2002 non
1167 1938 1250 2002 nulla

114 2053 289 2116 afferentem
312 2049 448 2116 videmus
469 2051 581 2135 ipsum,
614 2050 697 2115 unde
718 2071 779 2114 non
804 2068 909 2114 vanam
932 2049 1020 2114 fuisse
1043 2051 1154 2115 desa'r'ae
1176 2073 1251 2134 que·

115 2163 208 2229 relam
232 2169 365 2250 apparet.
413 2167 472 2230 Nec
502 2187 573 2230 vero
603 2170 648 2229 est
678 2164 759 2248 quod
790 2165 826 2232 de
849 2164 921 2228 solis
950 2162 1000 2228 htc
1022 2165 1071 2248 agi
1096 2170 1247 2250 putemus,

114 2301 191 2364 quae
224 2277 345 2365 publice
373 2280 526 2364 expositae
557 2285 655 2343 essent
683 2301 717 2342 ac
751 2278 872 2363 publice
902 2277 1082 2355 colerentur,
1121 2280 1249 2344 Deorum

114 2391 312 2479 imaginibus.
360 2393 393 2457 Si
416 2393 497 2456 enim
520 2391 592 2456 olim
613 2392 675 2476 jam
699 2392 796 2476 ipsius
828 2392 900 2457 adeo
931 2391 1119 2456 patriarchae
1143 2391 1249 2457 Jacobc'

115 2530 190 2574 uxor
214 2507 323 2574 dilecta
337 2508 464 2584 Rachel,
482 2507 560 2592 patri
583 2506 699 2572 labano
722 2511 884 2591 surreptas,
905 2511 1043 2572 venerata
1059 2510 1123 2570 erat
1139 2506 1246 2571 Phera-

109 2623 199 2703 pbim
211 2624 272 2706 (1);
289 2622 357 2705 quis
372 2619 523 2687 dubitabit
545 2621 633 2704 quin,
652 2620 743 2706 longe
766 2620 1003 2706 corruptioribus
1023 2619 1070 2685 his
1083 2620 1248 2705 Prophetae

114 2735 319 2821 temporibus,
344 2734 447 2800 multis
470 2734 588 2799 tudaeis
610 2737 696 2799 Lares
718 2734 831 2798 fuerint
857 2733 1015 2799 domestici
1045 2755 1080 2799 ac
1102 2736 1247 2800 Penates?

116 2852 250 2927 Quorum
274 2849 408 2934 privatus
430 2847 531 2913 cultus
552 2870 647 2932 quum
670 2834 805 2925 eandem,
840 2870 928 2932 quam
959 2848 1080 2934 publica
1097 2849 1247 2915 idolorum

114 2965 279 3041 veneratio,
304 2964 524 3049 turpitudinem
546 2963 680 3039 haberet,
706 2963 765 3029 huo
787 2964 877 3027 etiam
900 2984 969 3027 eum
992 2966 1157 3049 respexisse
1179 2988 1246 3050 pro·

114 3079 214 3146 babile
237 3084 295 3143 est.
318 3118 359 3131 -
383 3080 539 3144 Caeterum
562 3100 578 3142 a
603 3077 808 3164 pulcritudine
830 3077 930 3140 locum
952 3075 1071 3141 laudare
1094 3080 1249 3162 praestite-

113 3201 172 3271 rat,
198 3215 288 3278 quam
310 3193 347 3258 ab
369 3193 599 3279 amplificatione
623 3199 738 3257 notare.
772 3191 994 3256 Sententiarum
1016 3192 1097 3255 enim
1120 3192 1152 3255 in
1176 3213 1248 3256 con·

114 3311 271 3375 secutione
294 3314 383 3392 atque
406 3309 439 3372 in
462 3309 567 3373 eodem
589 3314 635 3373 ter
657 3308 795 3392 repetito,
817 3309 969 3391 superiore
990 3310 1021 3369 et
1038 3304 1130 3370 hocce
1145 3328 1245 3389 versu,

114 3423 209 3490 verbo
231 3422 324 3490 stou
346 3445 435 3507 quam
457 3423 640 3488 admirabilis
662 3423 775 3486 satirae
798 3422 903 3495 visast
922 3426 952 3484 et
975 3427 1112 3484 acumen!
1152 3422 1247 3496 Quam

114 3540 296 3624 necopinato
317 3542 460 3604 conversa
482 3541 616 3604 oratione
638 3543 727 3620 atque
748 3536 872 3613 inflexo,
897 3535 983 3617 quasi
1002 3533 1115 3597 civium
1129 3534 1248 3599 stolidi-

113 3655 170 3718 tati
194 3653 260 3738 ipse
282 3675 345 3718 sese
367 3652 571 3718 accommodet
593 3650 752 3737 Propheta,
777 3650 998 3733 pretiosissimis
1024 3648 1193 3733 quibusque
1213 3653 1249 3715 in,

113 3767 232 3833 divitiis
254 3769 380 3832 Deorum
403 3770 459 3833 istu
482 3773 670 3853 reponuntur
692 3763 862 3828 simulacra!

109 4284 262 4296 -—-

145 4382 185 4442 (1)
203 4379 268 4430 via.
294 4377 379 4432 Gener.
405 4379 508 4433 XXXI.
538 4387 576 4431 19.
603 4384 648 4440 at,
674 4380 731 4431 coll.
753 4377 881 4429 Wineri
904 4373 1107 4425 Realrobreerbaeb
1132 4373 1198 4424 hv.
1218 4382 1244 4424 ot

115 4486 175 4536 quos
192 4473 289 4524 laudnt.
987 4490 990 4495 ·

1090 4563 1109 4625 8
