2782 4958
132 341 175 400 60
363 397 367 400 ,
387 341 390 346 ’
623 353 780 398 mucosus

134 524 295 607 Meyero
323 528 441 602 tamen,
473 522 564 609 louge
587 521 715 587 leviores
736 519 866 584 subinde
889 520 1076 605 memorantis
1095 520 1259 598 variantes,

133 642 237 728 paucis
258 639 350 704 lectio
367 639 546 724 ,attingenda
576 639 692 714 fuerat,
726 658 815 721 quam
846 638 1011 722 speciosam
1037 640 1121 700 certe
1142 637 1263 700 testium

132 755 264 841 gravitas
285 754 386 819 reddit
408 759 439 818 et
459 753 649 837 antiquitas?
693 752 752 816 Sed
774 753 873 838 magis
900 751 992 815 nobis
1011 751 1181 817 landandus
1202 757 1261 825 est,

131 869 212 953 quod
235 873 326 944 recte,
351 869 476 952 ipsoque
502 867 659 930 Winero
681 867 798 945 melius,
820 868 921 932 locum
944 867 1151 952 explicaverit,
1178 889 1264 952 quam

117 982 356 1070 improbandus,
381 983 461 1067 quod
485 982 684 1048 delectionis
706 984 852 1049 varietate
873 1002 996 1047 monere
1017 981 1202 1068 neglexerit.

178 1318 251 1386 Gal.
270 1319 330 1384 IV.
351 1318 407 1385 25.
433 1319 563 1385 Nullum
586 1320 673 1385 facile
694 1321 790 1385 totius
813 1318 954 1404 epistolae
970 1317 1070 1383 locum
1089 1317 1166 1384 mibi
1183 1340 1266 1383 mon·

129 1435 283 1511 straveris,
309 1454 400 1518 quem
422 1433 630 1499 vehementius
651 1435 699 1500 vel
729 1433 879 1500 Codicum
909 1433 1054 1498 lectiones
1075 1435 1262 1515 vexaverint,

130 1547 179 1611 vel
201 1547 385 1611 Criticorum
417 1548 566 1632 imprimis
597 1549 808 1634 conjecturae;
841 1549 953 1634 quibus
976 1549 1126 1635 amplum,
1157 1549 1212 1614 ubi
1234 1572 1265 1614 se

128 1663 289 1747 jactarent,
315 1682 452 1746 campum
476 1663 627 1727 dictorum
651 1661 802 1748 aperiebat
826 1662 987 1727 difficultas
1012 1661 1160 1748 nobisque
1187 1665 1266 1728 iaso·

129 1775 185 1840 lita
207 1777 284 1840 ratio
307 1776 479 1862 allegorica.
526 1777 596 1842 Alia
620 1799 658 1840 ue
681 1798 855 1856 memorem,
880 1799 957 1862 qnae
972 1779 1081 1863 pssum
1104 1756 1266 1844 laudtrunt

129 1889 322 1974 interpretes,
347 1891 411 1975 ipse
428 1891 501 1955 adeo
524 1891 917 1968 Van-Der·Palmius,
942 1893 1079 1977 quamvis
1089 1892 1265 1978 plerumque

129 2003 245 2089 vulgati
268 2005 302 2068 in
325 2004 416 2070 Novo
445 2006 527 2072 Test.
552 2008 656 2070 textus
677 2011 787 2085 tenax,
820 2006 930 2071 verba:
956 2016 1046 2076 Σιγᾶ
1069 2012 1142 2094 ὄρος
1177 2011 1264 2075 ἐστὶν

129 2123 165 2186 a’v
193 2128 233 2205 τῇ
257 2121 421 2207 Ἀραβίᾳ,
436 2120 631 2205 probabiliter
654 2123 754 2206 spuria
773 2143 837 2185 esse
860 2143 877 2185 a
900 2121 1090 2206 Bentlejo
1113 2143 1148 2185 ac
1167 2121 1264 2186 Kus-

129 2239 216 2296 tero
238 2232 295 2296 sibi
319 2235 488 2318 persuaderi
512 2256 616 2320 passus
638 2241 694 2300 cst.
735 2235 851 2301 Verum
874 2235 932 2300 hoc
946 2257 1006 2300 uon
1021 2236 1138 2300 solvere
1151 2236 1265 2300 nodum

129 2353 176 2412 est
199 2348 399 2428 Gordianum,
425 2349 477 2412 sed
501 2349 698 2434 disrumpere.
748 2349 854 2414 Minus
884 2350 1026 2414 audacter
1047 2371 1118 2414 saue
1148 2349 1265 2414 Laeb-

51 2534 57 2540 ,
130 2483 301 2541 mannus,
327 2462 474 2529 Codicum
497 2464 535 2528 C.
562 2463 597 2529 F.
622 2466 661 2530 G.
686 2464 872 2549 aliorumque
902 2466 1075 2529 auctoritati
1105 2463 1264 2550 obtempe-

79 2567 81 2571 ’
130 2597 216 2653 rans,
240 2596 350 2638 nomen
373 2577 492 2662 Ἅγαρ
515 2576 610 2660 ejicit.
635 2559 638 2561 ‚
659 2575 718 2640 Sed
740 2577 832 2663 longe
854 2577 1045 2661 praeferenda
1060 2585 1105 2641 eat
1121 2577 1265 2662 Meyeri

129 2690 224 2765 ratio,
247 2690 300 2772 qui
324 2695 355 2753 et
377 2688 458 2752 illam
482 2691 620 2774 repudiat
643 2691 859 2775 conjecturam,
883 2698 914 2756 et
935 2713 990 2777 per
1013 2713 1122 2757 vocum
1144 2699 1207 2776 γὰρ
1234 2698 1265 2756 et

129 2804 249 2889 ’Ἅγαρ
271 2803 437 2888 proximam
461 2805 647 2870 vicinitatem
671 2806 784 2874 iactum
808 2827 872 2869 esse
895 2812 996 2869 monet
1011 2813 1047 2871 ut
1062 2807 1113 2870 alii
1136 2805 1265 2871 Codices

129 2938 241 2980 nomen
263 2917 382 3004 ’Ἅγαρ
405 2918 606 3004 negligerent,
629 2921 680 2984 alii
703 2943 909 3007 praegressum
933 2931 1004 3009 γάρ.
1036 2919 1128 2984 Unde
1150 2921 1263 2984 iactum

130 3035 187 3112 sit,
208 3039 246 3098 ut
268 3035 346 3099 illud
370 3030 458 3118 plane
488 3030 714 3112 absorberetur,
745 3036 817 3100 huic
847 3034 924 3098 male
952 3032 1190 3098 substitueretur
1212 3035 1261 3102 δέ.

129 3150 176 3212 Ac
199 3152 280 3211 recte
302 3146 399 3221 idem,
423 3147 565 3210 sectionis
588 3167 692 3212 versus
714 3147 817 3227 finem,
842 3147 966 3211 testium
987 3146 1185 3224 auctoritate,
1209 3168 1266 3231 pro

129 3264 275 3331 testata
296 3264 332 3330 δὲ
356 3261 432 3346 legit
454 3261 601 3330 δουλεύει
626 3271 698 3351 γάρ.

178 3597 252 3666 Gar.
268 3599 330 3666 VI.
351 3599 383 3663 9.
410 3597 475 3662 Pro
493 3597 616 3684 vulgato
640 3602 827 3684 ἐκκακῶμεγ
851 3598 889 3660 A.
906 3596 946 3660 Β.
967 3595 1008 3662 D.
1030 3599 1082 3662 17.
1095 3599 1138 3661 39
1160 3597 1265 3681 pauci·

127 3734 186 3798 que
210 3713 261 3776 alii
284 3713 381 3776 Codd.
407 3709 552 3797 praeberit
575 3717 775 3797 ἔγαακῶμεγ.
808 3709 908 3782 Quam
925 3709 1011 3774 verbi
1033 3711 1172 3784 formam,
1192 3711 1263 3775 usui

127 3828 271 3911 loquendi
294 3828 567 3891 convenientiorem
591 3831 767 3902 censentes,
804 3824 1012 3909 praetulerunt
1044 3823 1262 3900 Usterius,

39 3935 42 3940 ’
127 3940 327 4014 Schottus,
353 3939 637 4018 Lachmanuus,
663 3938 1011 4003 Tischendorl‘ius.
1060 3937 1143 4010 Quid
1167 3939 1261 4024 quod,

126 4076 188 4118 nou
212 4053 269 4117 hoc
291 4058 421 4127 tautum,
448 4053 499 4117 sed
522 4056 656 4138 quinquo
679 4055 770 4117 etiam
793 4045 860 4118 aliia
883 4054 926 4118 N.
953 4054 989 4118 Τ.
1012 4053 1098 4132 locis,
1125 4052 1179 4117 ubi
1197 4054 1263 4117 vul·

126 4175 230 4255 gatum
254 4173 353 4231 exstat
374 4188 403 4231 v.
427 4172 590 4246 ἐκκακεῖγ,
602 4168 647 4231 illi
671 4169 796 4232 formam
823 4173 974 4250 ἐγκακεῖγ
998 4167 1183 4232 substituere
1199 4189 1261 4231 non

126 4283 310 4348 dubitaverit
332 4281 613 4348 Lachmaunus.
642 4282 732 4355 Quod
757 4290 788 4348 et
811 4284 861 4348 alii
884 4283 1088 4369 probaverunt
1103 4290 1134 4347 et
1149 4285 1262 4349 diserte

126 4398 323 4463 Ualerius.
373 4399 400 4463 A
424 4397 535 4482 quibus
558 4400 599 4464 ita
623 4398 779 4476 dissentio,
805 4404 840 4464 ut
862 4401 940 4464 senis
964 4400 1037 4463 adeo
1056 4400 1101 4464 N.
1123 4399 1159 4463 Τ.
1188 4399 1262 4464 locis
