2782 4958
129 352 173 415 68
618 369 777 414 nranororr

129 535 277 603 laudanda
298 541 347 602 eet
367 537 590 603 commentandi
613 536 756 614 brevitas,
780 536 932 603 assiduam
955 539 981 603 si
999 539 1142 605 comitem
1157 539 1265 606 habeat

128 652 261 719 lucidam
287 655 541 740 perspicuitatem.
587 651 658 727 Qua
688 652 860 733 deficiente,
886 656 997 719 veteris
1029 655 1264 742 intelligentiam

130 769 292 854 Scriptoris
314 768 472 854 quaerenti
494 768 600 834 lectori
623 771 755 834 recentis
777 770 868 833 etiam
890 769 1074 855 Interpretis
1096 771 1264 835 orationem

129 905 254 969 operoso
277 882 378 949 labore
401 883 620 969 interpretandi
643 903 755 948 novum
778 884 867 969 plane
894 905 951 948 nec
981 882 1048 949 leve
1071 905 1150 949 onus
1173 884 1266 970 impo-

128 999 226 1063 nitur.
275 997 415 1070 Quodsi
438 998 577 1078 Censori,
602 998 649 1062 vel
671 997 848 1085 Hitzigii
872 1004 904 1063 et
927 999 1160 1064 lua-waren
1184 1021 1265 1065 eom·

127 1115 290 1179 meritorios
306 1114 433 1200 legenti,
452 1113 500 1179 rel
522 1113 690 1178 Ewaldii
718 1111 964 1180 Grammaticam
979 1112 1175 1179 Hebraicam
1195 1134 1266 1179 con·

128 1227 251 1308 sulcati,
276 1250 431 1315 nunquam
452 1249 512 1292 usu
534 1229 652 1294 venerit
674 1248 709 1291 ac
732 1227 891 1293 molestum
916 1227 1081 1303 acciderit;
1111 1227 1266 1315 Oedipum

128 1364 197 1408 eam
220 1343 333 1422 dicam,
358 1366 405 1408 me
429 1342 521 1409 Dauo
544 1343 634 1430 louge
656 1343 857 1408 solertiorem.
905 1343 990 1420 Jam,
1024 1349 1172 1428 quantum
1198 1343 1263 1425 hos,

40 1461 43 1467 ’
126 1481 202 1543 quos
225 1459 302 1540 dixi,
328 1458 420 1523 Viros
443 1458 548 1522 doctos
571 1457 773 1541 Meyerus,
806 1462 924 1523 tantum
952 1458 1014 1522 iere
1037 1457 1120 1523 huno
1146 1459 1267 1544 perspi·

128 1574 252 1638 enitatis
282 1573 370 1637 laude
400 1577 523 1658 superat
552 1571 844 1637 Liinemannus.
893 1573 932 1637 In
963 1593 1055 1657 quem
1084 1593 1263 1657 nunquam,

128 1687 225 1772 quod,
255 1688 288 1751 ni
319 1687 423 1765 fallor,
455 1687 487 1750 in
518 1689 748 1751 Antecessorem
771 1685 951 1770 aliquando,
987 1684 1205 1751 Horatiaaum
1228 1685 1264 1750 il-

129 1800 183 1866 lud
205 1801 360 1867 convenit:
384 1799 472 1865 Dum
491 1801 587 1865 breuia
610 1821 672 1866 esse
687 1799 802 1879 laboro,
826 1801 969 1865 obscurus
978 1801 1039 1888 fio.
1088 1798 1191 1870 Quam
1214 1798 1266 1864 ob·

128 1917 324 1999 sancitatem,
350 1936 420 1980 com
443 1920 477 1980 et·
497 1915 678 2000 Interpretis
701 1920 732 1979 et
753 1913 854 1989 illins,
882 1934 972 1997 qoem
998 1914 1204 1997 interpretari
1234 1934 1265 1976 se

127 2030 298 2115 profitetur,
317 2032 461 2095 Auctoris
481 2030 714 2116 intelligentiam
733 2028 878 2114 impediat
896 2026 944 2091 vel
964 2025 1164 2091 difficiliorem
1183 2032 1264 2092 certe

127 2144 245 2224 reddat,
270 2145 478 2224 enarrationis,
504 2145 643 2230 quamvis
665 2149 837 2221 accuratae,
868 2143 1002 2207 fructum
1024 2145 1114 2226 atque
1136 2141 1262 2206 utilita-

127 2262 201 2338 tem,
227 2258 286 2322 nisi
308 2258 395 2344 plane
419 2259 612 2344 intercipere,
639 2263 670 2322 at
692 2257 886 2323 vehementer
907 2257 1099 2333 imminuere,
1124 2257 1195 2341 quis
1218 2263 1263 2321 est

128 2373 181 2455 qui
204 2392 264 2435 uon
289 2371 389 2436 videat
412 2394 447 2436 ac
470 2395 556 2458 saepe
580 2373 742 2438 dolueriti·
1220 2453 1223 2457 .

172 2484 240 2549 Nec
264 2483 364 2548 minus
386 2487 599 2572 necopinatum
630 2485 704 2550 mihi
732 2487 901 2572 mirumque
929 2485 1011 2568 aliud
1042 2486 1172 2565 accidit,
1202 2508 1264 2571 qno

128 2597 386 2686 Liinemanno
409 2606 559 2684 praestare
583 2599 785 2684 Meyernm
808 2601 1011 2686 significatur,
1029 2600 1163 2684 ejusdem
1187 2601 1264 2666 Oen·

129 2719 206 2783 soris
225 2718 392 2802 judicium,
415 2716 496 2802 quod
518 2736 616 2800 neque
639 2717 737 2802 ipsum
760 2718 873 2802 optime
890 2715 949 2781 sibi
972 2721 1110 2781 constare
1125 2716 1260 2781 videtur.

129 2831 321 2919 Philolopice
341 2831 483 2896 classicae
503 2831 633 2894 enimin
657 2828 831 2897 auctoribus
853 2831 931 2896 lunc
946 2829 1036 2916 longe
1052 2829 1158 2916 magis,
1173 2850 1263 2914 quam

127 2946 232 3026 illum,
259 2954 410 3010 versatum
434 2965 498 3007 esse
521 2944 658 3008 affirmat.
709 2942 971 3030 »Quamquam,”
994 2945 1056 3020 ait,
1080 2964 1141 3008 »eu
1171 2945 1266 3010 mimis

128 3061 278 3144 »copiose
294 3059 334 3124 ab
357 3079 390 3123 eo
413 3057 517 3123 allatis
540 3057 663 3123 illoram
687 3058 756 3124 tocie
779 3058 972 3144 tleolopa'cum
1002 3058 1125 3144 quidem
1147 3058 1182 3123 im
1205 3057 1264 3126 tee-

127 3181 243 3236 ntorem
264 3191 325 3236 noa
347 3170 476 3234 multam
495 3168 634 3236 utilitatis
652 3169 845 3237 reclaudat.”
880 3171 972 3244 Quod
991 3173 1182 3237 verissimum
1197 3194 1263 3237 esse

108 3284 276 3369 ¹posterius
298 3283 365 3367 ejus
386 3283 536 3347 monitum
551 3303 612 3347 non
635 3285 722 3349 facilc
745 3286 931 3372 negaverim.
966 3285 1024 3350 sed
1048 3287 1075 3348 si
1090 3287 1143 3362 ita,
1159 3307 1263 3351 nonne

126 3421 143 3464 a
166 3398 327 3485 prudentie
349 3398 451 3483 potius
473 3396 641 3463 laudandus
663 3404 738 3477 er'at,
757 3420 846 3484 quam
871 3397 907 3463 ab
928 3400 1081 3485 imperitia
1096 3401 1260 3481 nomadas,

122 3514 229 3598 junior
260 3514 437 3598 Interpres,
461 3512 526 3596 qui,
552 3513 615 3576 nisi
643 3514 716 3578 utile
735 3513 776 3576 sit
799 3513 881 3598 qaod
896 3511 1023 3598 facias,
1055 3512 1180 3577 stultam
1202 3537 1264 3581 esse

125 3629 278 3713 pluriam,
312 3627 481 3721 Horatio
512 3648 544 3689 se
575 3628 747 3691 consentire
774 3627 1024 3706 demonstrasset,
1057 3648 1155 3712 neque
1188 3628 1264 3693 adeo

127 3763 202 3826 quae
233 3741 376 3806 facillimt
406 3743 497 3825 opert
529 3739 661 3823 undique
692 3741 848 3807 corradere
862 3723 1023 3825 potuerat,
1055 3763 1143 3805 sacco
1166 3741 1262 3807 veluti

126 3856 253 3921 undere
275 3856 441 3922 voluisset?
1215 3851 1217 3855 ’

172 4304 288 4370 Verum
312 4303 397 4368 nulli
419 4305 520 4390 potius
542 4324 596 4388 re,
627 4324 717 4388 quam
739 4301 902 4366 subtilitate
921 4323 956 4365 cc
979 4299 1134 4365 seueritate
1153 4320 1262 4384 pram-

128 4421 253 4500 maticei,
278 4441 367 4505 quam
390 4421 464 4484 tritt
487 4419 576 4484 hodie
600 4439 672 4484 voce
696 4418 812 4483 Graeci
834 4418 1005 4502 ἀκρίβειαν
1030 4412 1190 4498 appellant,
1205 4437 1263 4480 nec
