2782 4958
130 328 172 390 78
618 343 776 388 crnaounu

128 513 185 579 lari
214 533 276 578 non
305 529 374 577 raro
403 530 477 577 usus
497 515 546 576 cst
567 510 729 596 prodentia
749 510 812 594 (1).
845 544 886 559 -
916 508 1001 582 Quid
1030 510 1148 578 multet
1195 513 1262 579 Nisi

129 649 243 709 omnes,
268 627 424 713 plerasque
446 629 528 691 certe
550 626 747 712 Mcpcriuuoe
764 625 843 691 artis
865 627 993 691 virtutes
1015 626 1147 691 feliciter
1165 648 1263 694 aenan·

128 743 208 808 latus
230 747 288 807 eet.
325 742 422 826 Cujus
437 740 549 807 leuiora
563 740 708 825 quaedam
724 739 799 806 uitia
820 740 848 805 ei
866 741 935 825 quis
958 761 1030 807 enm
1048 738 1181 807 feliciter
1202 744 1265 809 eri·

129 859 210 922 tasse
231 858 310 922 forte
332 856 501 943 putaverit,
535 876 584 919 me
615 858 696 921 certa
724 853 784 922 sibi
811 854 1017 920 adversantem
1039 876 1102 921 uon
1124 853 1261 924 habebit.

128 973 187 1039 Sed
208 973 361 1058 reliquum
383 977 430 1037 est
453 977 500 1048 ut,
524 970 606 1056 quod
630 970 718 1035 modo
741 975 829 1035 antea
850 970 884 1034 in
906 970 1036 1049 criticis,
1061 991 1148 1037 nuuc
1173 972 1263 1037 etiam

128 1090 161 1153 in
183 1088 348 1176 exegeticis
370 1086 525 1150 faciamus.
573 1085 641 1170 Age
663 1085 778 1170 igitur,
808 1105 919 1170 pancos
940 1084 1059 1170 aliquos
1080 1086 1263 1151 nominatim

129 1205 289 1268 afferamus
310 1201 407 1274 locor,
429 1220 506 1284 qnos
528 1194 840 1284 interpretationres
862 1197 911 1266 ecl
934 1198 1132 1264 assentientes
1154 1196 1265 1267 habeat

127 1315 178 1382 vel
200 1315 373 1381 dubitantes
396 1314 455 1379 Vir
477 1313 683 1379 doctissimus.
1223 1367 1227 1373 .

176 1435 193 1495 1
223 1429 323 1495 These.
345 1429 392 1493 H.
418 1432 452 1511 3,
478 1428 512 1492 in
535 1427 700 1493 enuntiatis
723 1431 759 1494 ἐκ
783 1427 910 1515 πλάνης
935 1461 977 1473 -—
1001 1431 1038 1495 io
1060 1427 1160 1516 δόλῳ,
1182 1448 1265 1514 prae·

129 1545 312 1629 positionum
335 1548 371 1611 ἐκ
394 1546 427 1606 et
445 1548 480 1611 ἐν
504 1542 651 1607 diversam
669 1545 809 1608 accurate
831 1540 994 1626 distinguit
1016 1544 1265 1624 potestatem.-

128 1657 200 1741 sed,
225 1659 360 1744 ejusdcm
376 1657 471 1743 hujus
496 1656 619 1744 Capitis
634 1668 700 1723 sect.
721 1660 752 1734 6,
775 1656 981 1723 Schottnm
1003 1654 1212 1740 reprehendit,
1232 1657 1264 1723 in

129 1773 221 1838 dictis
242 1775 279 1852 ἐξ
301 1775 490 1860 ἀνθρώπων
514 1809 556 1821 -
581 1775 640 1840 ἀπ’
662 1772 787 1849 ἄλλων,
812 1769 988 1857 praeverbia
1011 1776 1056 1848 ira
1069 1775 1102 1839 et
1126 1773 1194 1841 ἀπό
1220 1773 1264 1837 iu

129 1888 388 1974 distinguentem,
413 1885 550 1952 utillud
571 1887 610 1950 ad
628 1886 799 1971 originem,
832 1906 923 1970 quum
944 1884 1039 1971 vulgo
1061 1889 1187 1963 vocant,
1208 1887 1264 1952 im·

26 2025 32 2031 ·
95 2053 109 2068 .
128 2006 315 2082 mediatam,
349 2002 414 2068 sire
436 2022 570 2067 caussam
591 2001 742 2088 primum,
776 2000 937 2075 referatur,
970 1999 1027 2063 hoc
1050 1999 1087 2064 ad
1110 1999 1264 2085 originem

127 2121 305 2198 audieram,
331 2117 394 2182 sive
417 2136 552 2180 caussam
573 2117 747 2182 secuudum.
795 2113 861 2181 Sibi
876 2118 947 2182 vero
970 2113 1044 2199 quid
1066 2113 1118 2179 hlc
1132 2135 1263 2199 sequen·

129 2236 201 2301 dnm
223 2233 374 2310 rideatur,
400 2232 465 2298 solt
487 2232 621 2298 ostendit
642 2231 795 2297 Wineri
817 2231 1003 2315 laudatione,
1028 2231 1082 2317 qui
1096 2229 1141 2319 (2)
1157 2234 1277 2300 nostro.

128 2347 187 2414 huc
208 2347 276 2413 loco
297 2347 386 2433 plane
408 2368 610 2432 synonymum
631 2351 797 2432 utrumque
819 2345 896 2411 dicit
910 2343 1130 2432 praeverbium.
1162 2344 1264 2418 Quem

127 2463 225 2548 igitur
246 2462 385 2547 sequitur
406 2461 679 2528 Liincmannur.
726 2462 829 2546 Atque
843 2459 923 2526 idem
946 2458 1093 2527 Koohio
1114 2458 1263 2544 placuisse

127 2577 226 2642 uideo.
260 2575 410 2661 Equidem
426 2596 508 2654 vero,
525 2576 663 2660 quamvis
680 2574 729 2640 his
750 2575 940 2659 potissimum
964 2576 996 2639 in
1019 2573 1111 2641 rebus
1133 2571 1263 2639 Wins-

128 2711 210 2755 rnm
232 2692 318 2776 sequi
339 2689 455 2765 malim,
480 2711 571 2774 quam
593 2691 814 2776 interpretandi
837 2689 1005 2756 subtilitate
1028 2710 1181 2775 superare,
1203 2687 1264 2753 dis·

128 2799 387 2870 criminis‘tamen
410 2805 524 2889 aliquid
546 2810 705 2890 utramque
725 2806 819 2888 inter,
836 2827 912 2890 quae
934 2804 993 2871 hoc
1013 2805 1081 2870 loco
1100 2803 1264 2888 conjuncta

128 2923 291 3005 reperitur,
315 2920 566 3006 praepositionem
589 2920 775 2986 intercedere
796 2921 947 2986 existimo.
992 2919 1127 3001 Etenim,
1144 2917 1263 3002 siquid

128 3034 237 3117 video,
263 3036 344 3115 δόξα
368 3037 403 3114 ἐξ
427 3037 615 3123 ἀνθρώπων
638 3036 778 3100 universe
803 3040 849 3099 est
870 3037 1081 3123 ἀνθρωπίνη,
1108 3052 1185 3118 quae
1207 3031 1262 3096 du·

127 3171 254 3213 monam
275 3152 424 3236 oripincm
439 3147 541 3225 habet,
567 3172 604 3216 co
626 3150 796 3215 homiuibus
817 3149 952 3225 exsistit3
977 3148 1057 3227 δόξα
1076 3148 1134 3231 α’φ*
1154 3150 1259 3232 ὑμῶν,

128 3284 205 3348 quac
228 3261 405 3347 singulatim
429 3287 449 3327 a
473 3264 571 3339 uobis,
594 3273 690 3329 oestro
719 3263 758 3326 od
785 3284 838 3328 ore
862 3266 964 3325 manat
986 3282 1021 3325 ac
1042 3259 1260 3346 proficiscitur.

127 3377 239 3462 Neque
261 3377 349 3442 aliter
370 3378 403 3445 iu
426 3376 533 3457 tertio,
559 3377 641 3462 quod
663 3378 800 3462 proxime
822 3377 980 3461 sequitur,
1009 3374 1180 3439 enuntiato.
1228 3373 1262 3437 Si

127 3491 306 3578 simpliciter
328 3491 430 3557 laudis
451 3485 587 3556 auctores
608 3490 890 3555 Thessalonicenses
911 3489 959 3554 vel
982 3489 1056 3552 alios
1079 3488 1181 3552 dicere
1203 3508 1262 3552 uo·

126 3605 245 3682 luisset,
270 3606 490 3694 praepositione
515 3610 580 3673 όπό
596 3605 703 3669 fuisset
724 3626 835 3671 usums
861 3603 1032 3690 Apostolus.
1080 3601 1144 3673 Qui
1169 3623 1261 3686 quam

127 3720 274 3798 scienter,
296 3718 540 3806 praeverbiorum
564 3720 655 3784 etiam
686 3725 776 3805 atque
806 3720 932 3786 aliarum
955 3718 1102 3784 erationis
1124 3718 1261 3803 particu-

126 3831 223 3898 larum
246 3853 319 3914 usu,
353 3834 485 3900 Graecae
514 3835 636 3920 linguae
659 3841 781 3901 secutus
804 3837 844 3902 sit
870 3840 960 3920 atque
983 3837 1139 3900 assecutus
1161 3830 1260 3899 subti-

126 3945 255 4027 litatem,
279 3966 358 4010 novo
380 3946 438 4011 hoc
461 3954 581 4033 apparet
603 3948 794 4014 documento.

126 4109 270 4120 u——----

161 4233 199 4294 (l)
217 4233 342 4300 Exemplo
360 4236 411 4286 loci
427 4238 479 4288 sint
496 4244 512 4288 2
531 4237 617 4291 Thaca.
639 4240 663 4290 Ι.
684 4243 697 4291 7
716 4247 741 4290 et
759 4246 789 4299 8,
812 4253 921 4302 quornm
939 4237 1024 4303 priora
1041 4243 1108 4289 recte
1125 4234 1259 4301 repudiat,

126 4324 207 4377 altero
224 4327 334 4379 admittit
350 4327 527 4383 Hebraemum.

161 4419 197 4482 (2)
217 4416 323 4470 Granum.
343 4438 369 4487 p.
387 4429 445 4472 288.
