2782 4958
552 394 607 439 usu
632 393 739 439 aunon.
1148 373 1209 438 tlt

75 564 255 632 academico.
304 567 402 650 Atque
431 563 481 629 lito
511 584 634 644 eorum,
664 583 740 648 quae
773 560 947 626 Academiae
978 558 1210 645 Rheno-Trajec·

73 681 160 745 tinae
182 681 309 745 Senatus
329 677 502 764 respondit,
527 697 673 742 summam
692 698 781 760 quam
800 675 973 742 brevissime
988 676 1095 740 referre
1107 676 1208 760 juvat.

74 795 154 858 lluic
178 795 291 880 igitur,
317 814 351 858 re
376 793 486 857 iterum
509 792 543 856 in
566 791 809 856 deliberationem
833 792 941 868 misst‚
967 790 1048 875 quod
1073 790 1208 854 laudatae

73 909 149 971 anni
179 908 265 972 1815
289 907 365 992 legis
387 907 527 972 Articulo
551 905 593 970 66
617 907 764 972 sancitum
787 913 866 984 erat,
891 907 923 972 id
945 928 1008 971 non
1029 905 1123 972 nullis
1141 906 1208 989 qui·

72 1021 143 1086 dem
167 1020 415 1106 exceptionibus,
449 1021 538 1085 sicuti
568 1026 673 1102 antea,
697 1022 741 1086 ita
762 1042 845 1086 nunc
867 1022 956 1086 etiam
989 1020 1203 1100 limitandum,

71 1140 224 1200 caeterum
245 1136 386 1199 universe
405 1134 529 1198 omnino
550 1134 698 1199 tuendum
717 1131 875 1199 videbatur
896 1155 930 1209 ao
952 1133 1202 1198 confirmandum.

72 1249 166 1313 Serus
188 1249 269 1313 enim
292 1248 318 1312 si
340 1249 393 1313 fiat
415 1248 472 1332 (sio
495 1248 688 1330 summatim,
712 1269 800 1332 quem
825 1248 909 1331 dixi,
940 1249 1079 1332 Senatus)
1102 1248 1204 1312 conci·

71 1363 146 1428 dent
169 1363 325 1447 Gymnasia
346 1367 435 1446 atque
450 1382 511 1426 una
533 1380 601 1426 oum
626 1361 662 1425 iis
677 1363 854 1427 Litterarum
866 1363 965 1427 studia
976 1361 1201 1426 humaniorum.

70 1479 174 1560 Neque
208 1477 290 1540 enim
320 1474 448 1562 amplius
474 1496 653 1560 quemquam
682 1498 787 1545 eorum
817 1477 972 1542 alumnum
998 1477 1034 1543 ad
1068 1477 1203 1542 discendi

68 1590 249 1656 industriam
271 1591 415 1676 cogitatio
438 1589 591 1676 impellet:
631 1592 716 1656 »Nisi
735 1594 933 1658 Romanorum
961 1591 1038 1657 bene
1064 1595 1204 1678 perceptt

67 1703 197 1790 lingum,
225 1704 262 1768 ad
290 1704 476 1769 Academiam
502 1703 620 1770 admitti
648 1727 711 1771 non
740 1707 852 1791 poteris
872 1707 905 1770 in
929 1709 1024 1791 etque
1049 1707 1203 1772 fructuose

66 1818 216 1885 versari.''
238 1856 282 1870 -
304 1818 418 1882 Deinde
441 1819 548 1904 optimi
575 1819 686 1903 quique
716 1819 852 1883 classicae
880 1821 1068 1903 antiquitatis
1091 1823 1200 1885 ducto·

64 1953 113 1998 res
146 1939 210 1998 tam
241 1932 388 2018 singulari
422 1931 470 1998 vel
499 1938 653 1999 venustate
688 1933 936 1998 commendantur
975 1933 1023 1998 vel
1060 1933 1200 1998 sublimi-

64 2053 148 2126 tate,
173 2054 228 2130 ut,
256 2049 372 2113 etiamsi
399 2048 467 2132 quis
495 2070 531 2113 eo
554 2047 651 2113 solum
674 2047 823 2113 adductus
856 2047 983 2113 oonsilio
1012 2048 1050 2112 iis
1079 2070 1199 2134 operam

65 2162 203 2246 dederit,
227 2168 389 2228 uteorum
415 2185 580 2228 sermonem
603 2164 749 2250 percipiat
768 2169 857 2247 atque
879 2165 1057 2243 orationem,
1084 2165 1197 2249 eoipso

64 2283 166 2342 tamen
187 2277 289 2343 studio
315 2278 352 2342 ad
382 2300 434 2361 ea,
461 2299 536 2362 quae
561 2299 614 2343 sua
636 2279 745 2359 etiam,
770 2279 804 2342 in
830 2280 891 2362 qut
916 2279 1010 2344 vitam
1040 2279 1195 2364 posuerit,

62 2389 222 2476 disciplina
244 2391 323 2457 bona
345 2391 450 2458 habeat
469 2398 499 2457 ct
514 2392 618 2478 pulcra
637 2397 667 2457 et
679 2391 838 2477 elegantia,
859 2390 978 2477 plenius
989 2393 1196 2478 cognoscenda

61 2511 153 2591 utque
176 2508 357 2572 accuratiore
379 2529 469 2572 sensu
489 2507 653 2592 judicanda
675 2507 877 2572 conformetur
905 2511 994 2590 atque
1022 2506 1192 2590 adjuvetur.

60 2622 114 2687 llic
137 2622 235 2707 igitur
263 2622 444 2687 adolescenti
467 2621 620 2686 doctrinae
643 2621 758 2686 fructus
779 2621 822 2685 ita
845 2619 1007 2685 certissime
1033 2619 1194 2704 constabit,

58 2736 97 2814 si,
122 2736 190 2800 sine
211 2737 334 2823 cognita
357 2737 544 2801 eruditorum
566 2735 685 2822 lingat,
703 2757 760 2799 nec
781 2737 988 2819 Praeceptores
1004 2732 1194 2821 intelligendi

59 2850 178 2935 copiam
200 2849 257 2915 sibi
280 2849 343 2914 fore
364 2850 505 2926 sciverit,
530 2871 586 2913 nec
611 2848 810 2933 respondendi
833 2848 984 2912 exercitiis
999 2847 1108 2932 iisque,
1125 2851 1195 2934 qui·

56 2962 116 3029 bus
130 2963 291 3048 aliquando
308 2963 480 3049 probandus
495 2964 565 3045 erit,
582 2961 843 3046 disquisitionibus
861 2982 1071 3046 progressuum
1095 2966 1193 3049 speci·

55 3079 140 3142 mina
162 3078 281 3143 edendi.
317 3081 477 3155 -Tum,
507 3078 617 3142 nostris
639 3081 675 3141 ut
697 3076 866 3141 Academiis
892 3073 968 3139 illud
999 3076 1189 3158 vindicetur,

55 3192 141 3277 qnod
163 3182 211 3256 eas
233 3193 287 3258 diu
310 3195 448 3271 ornavit,
474 3192 564 3258 decus
591 3190 760 3274 honosque,
785 3211 819 3253 ac
842 3193 981 3252 maneant
1000 3188 1074 3254 adeo
1097 3191 1191 3258 subti-

53 3306 145 3372 lioris
165 3309 323 3374 seminaria
344 3308 541 3391 eruditionis,
573 3305 610 3371 ab
640 3306 679 3369 iis
709 3302 936 3389 disciplinarum
953 3305 1063 3389 fontes
1088 3305 1190 3390 inqui-

51 3421 145 3488 rendi
177 3429 249 3488 sunt
276 3429 365 3508 atque
395 3423 536 3507 criptura.
584 3421 759 3507 Cujusmodi
789 3421 921 3487 eruditio
952 3441 1014 3485 non
1047 3443 1084 3485 ex
1117 3423 1189 3488 solis

52 3534 172 3600 hanrffi
193 3541 292 3622 potest
311 3537 405 3601 nostri
428 3535 520 3621 hujus
541 3537 685 3622 temporis
699 3535 914 3621 scriptoribus,
934 3536 986 3601 sed
1000 3537 1038 3601 iis
1062 3540 1189 3605 maxime

50 3671 91 3716 ex
115 3650 309 3728 auctoribus,
334 3652 388 3735 qui
411 3651 513 3717 Latine
535 3652 655 3737 scriptis
675 3653 709 3716 in
732 3650 873 3738 operibus
895 3652 1071 3738 praeclaram
1090 3656 1188 3720 variae

51 3763 210 3828 doctrinae
228 3765 344 3849 copiam
365 3764 598 3851 consignandam
625 3767 782 3830 curdrunt.
832 3766 964 3840 Quorum
990 3766 1086 3852 igitur
1115 3790 1188 3854 ope-

49 3900 122 3944 rum
145 3879 265 3960 studio,
290 3901 360 3945 cum
382 3881 485 3945 Latine
508 3879 635 3944 docendi
650 3879 867 3943 cousuetudine
882 3883 971 3962 atque
990 3881 1088 3946 officio
1107 3889 1188 3949 arcte

50 4011 194 4057 connexo
220 3990 295 4069 illo,
325 4014 364 4056 ne
397 3997 512 4057 nostras
535 4012 655 4075 quoque
685 3988 813 4055 Palladis
840 3991 923 4055 sedes
951 3990 1051 4056 Seculi
1081 3992 1187 4060 levitas

50 4105 216 4191 inquinet,
243 4127 339 4190 quae,
364 4127 463 4170 rerum
496 4104 592 4170 veluti
619 4107 760 4169 corticem
785 4110 932 4190 tangens,
962 4105 996 4168 in
1022 4107 1185 4175 medullam

50 4241 116 4284 non
140 4223 294 4306 penetrat,
319 4221 476 4284 efficaciter
499 4218 663 4288 cavebitur.
689 4256 730 4266 —
757 4221 866 4302 Porro,
895 4241 931 4284 eo
954 4219 1024 4285 iude
1046 4228 1182 4302 remoto,

51 4334 108 4421 qui
136 4333 241 4399 doctae
261 4334 396 4399 Civitatis
416 4356 574 4400 commune
593 4333 707 4399 bonum
729 4340 793 4413 est,
822 4349 978 4410 sermone,
1001 4341 1117 4402 exteros
1138 4361 1185 4403 rc·

51 4448 205 4534 movebis,
227 4449 259 4513 id
282 4453 327 4515 cst
350 4448 397 4516 vel
417 4448 527 4515 arcebis
549 4449 596 4517 vel
620 4449 738 4537 abiges,
770 4471 864 4534 quum
890 4450 1088 4530 Professores,
1116 4458 1183 4519 tum

977 4561 1047 4627 ll*
