2782 4958
135 338 197 400 1⁹28
619 353 773 398 tranoanrr

128 524 247 587 recessit
269 523 395 586 Criticus
419 522 598 601 directricem,
624 527 659 585 ut
683 519 760 584 nihil
783 521 816 583 in
840 541 876 582 eo
903 517 1051 593 laudaret,
1087 517 1260 583 omniafere

126 658 225 702 severe
247 636 488 722 reprehenderet.
537 639 666 720 Utrique
689 636 770 698 enim
794 635 826 697 in
849 633 1055 719 disputatione
1080 653 1191 718 magno
1210 654 1255 696 nn·

126 771 208 814 mero
233 750 314 815 locos
336 751 458 826 excitat,
483 772 559 834 quos
582 771 718 834 perverse
752 746 861 833 legerit
883 747 1131 812 Suckowiue
1179 746 1255 830 Cujus

127 883 260 948 operam,
286 886 341 928 nec
363 869 450 928 antea
473 862 637 930 honorifico
660 887 678 929 a
700 887 731 930 ae
755 864 899 946 habitam,
915 866 949 929 in
964 866 1099 948 Proteqq.
1123 864 1166 928 ita
1187 865 1253 929 vitn-

125 983 228 1062 perat:
248 977 312 1041 »la
337 978 456 1061 terendo
473 977 543 1042 Cot.
563 977 651 1052 auo,’'
667 979 779 1062 inquit,
800 988 879 1044 »tom
895 1002 983 1058 caepe
1005 987 1125 1062 temque
1137 978 1253 1062 crocitet
1282 1037 1286 1052 ,

130 1097 249 1182 »solaco
270 1101 327 1169 eat,
351 1101 385 1158 ct
402 1101 533 1173 ameepto
555 1094 637 1173 operi
658 1095 800 1173 imperem
822 1093 1124 1174 repraesentatae
1142 1094 1252 1156 hierem

129 1229 231 1272 >neuram
261 1215 376 1272 tectum
406 1229 466 1272 nore
489 1206 697 1286 perdiderit.'’
744 1209 833 1289 Sanc,
867 1227 956 1290 quam
987 1206 1184 1270 incommodo
1205 1203 1250 1268 aib'

126 1328 260 1408 tempore
280 1322 316 1385 ad
336 1320 554 1392 consulendum
575 1323 809 1407 Manusoriptum
832 1322 981 1387 utendum
1001 1321 1132 1397 farisaei,
1151 1320 1251 1384 suisio

124 1435 262 1518 Proteqy.
286 1455 403 1498 summo
418 1432 546 1497 candore
560 1453 594 1497 ao
608 1433 756 1498 morata
769 1434 918 1518 professus
936 1441 1001 1500 erat
1023 1435 1249 1501 Suokoniua

128 1549 194 1622 Quo
216 1549 312 1634 igitur
335 1548 367 1611 in
401 1546 550 1632 plerisque
582 1545 718 1634 legendis
741 1553 772 1613 et
794 1550 1007 1614 accuratiorem
1031 1550 1127 1614 frriase
1149 1555 1180 1615 et
1198 1548 1251 1614 lali·

127 1663 239 1733 ciorem
262 1659 626 1739 Tischendorfium,
652 1661 791 1744 equidem
813 1662 899 1727 facile
921 1663 1115 1728 crediderim.
1164 1666 1253 1729 Utrum

127 1775 160 1861 in
184 1774 335 1857 omnibus,
360 1776 392 1841 id
415 1776 469 1859 qui
484 1783 551 1861 post
566 1798 648 1853 eum,
666 1777 699 1840 in
715 1778 819 1843 eddem
834 1779 944 1864 peritii
957 1779 1061 1843 minus
1075 1779 1250 1855 festinantes,

127 1913 153 1954 s.
188 1889 276 1956 Marci
306 1887 519 1955 bibliothecam
549 1891 687 1967 adibunt,
719 1891 857 1975 judicent
886 1890 977 1956 velim
1012 1893 1130 1959 Gritici.
1158 1934 1196 1943 —-
1217 1892 1252 1957 ld

128 2006 227 2091 ipsum
259 2010 359 2069 autem
391 2004 529 2068 Codioem
559 2005 640 2089 quod
676 2007 803 2082 attinet;
837 2007 1092 2072 aSuckowio
1125 2008 1252 2092 quidem,

127 2120 253 2204 reliquia
278 2120 410 2183 amciter
439 2143 503 2182 eom
533 2127 740 2199 onteooeecte,
768 2142 799 2184 se
834 2143 893 2185 noo
920 2121 1092 2199 dissentire,
1131 2123 1254 2206 Harant

128 2235 160 2298 in
185 2236 448 2310 commentatione,
473 2233 676 2314 diastematum
699 2235 814 2300 dixerat
837 2236 997 2300 Professor.
1036 2238 1124 2301 Nunc
1146 2259 1213 2301 vero
1226 2241 1251 2300 et

127 2348 164 2414 ab
187 2349 270 2413 illius
293 2355 323 2414 et
345 2371 362 2413 a
384 2349 483 2433 priore
505 2372 557 2413 arro
576 2348 693 2433 jndicio
715 2350 758 2412 ita
780 2349 916 2414 diversus
933 2350 1005 2423 abit.
1026 2356 1063 2415 ut
1077 2352 1180 2436 macri
1193 2351 1251 2435 qui·

127 2465 195 2528 dem
216 2465 257 2528 sit
270 2464 448 2551 faciendos,
484 2485 589 2527 verum
618 2466 808 2529 nullomodo
831 2465 955 2549 reliquia
979 2465 1116 2531 omoibua
1136 2468 1251 2554 praefa-

126 2579 233 2642 rendca
256 2579 315 2661 (1).

172 2690 229 2754 Sed
253 2689 283 2751 in
304 2689 469 2773 judicando
493 2691 566 2755 Cod.
593 2695 616 2756 Α
639 2713 744 2776 parum
770 2693 828 2758 sibi
859 2694 1029 2758 constiterit
1052 2695 1103 2758 Vir
1135 2714 1252 2779 oocupa-

124 2803 269 2868 tissimua.
296 2804 383 2879 Quod
405 2803 443 2870 ab
465 2804 531 2868 aliis
546 2807 582 2870 ad
597 2805 654 2870 alia
669 2807 824 2872 festinanti
837 2807 924 2873 facile
946 2813 991 2873 esi
1012 2809 1251 2874 condonandum.

126 2920 165 2982 At
186 2919 219 2982 in
241 2917 362 3001 ultimo,
387 2921 467 3003 quod
491 2922 515 2984 R
537 2920 676 3006 appellat,
699 2922 899 3008 Manusoripto
921 2921 1071 2988 laudabile
1097 2923 1253 2988 admodum

126 3054 213 3098 curae
236 3054 305 3097 suae
328 3055 362 3098 ac
383 3031 557 3119 diligentiae
579 3032 738 3099 collocavit
766 3034 948 3120 exemplum.
998 3038 1059 3100 lloo
1088 3039 1172 3102 enim
1204 3035 1255 3102 ersi

124 3147 196 3213 aatis
218 3168 321 3211 recens
344 3147 482 3224 habebat,
507 3149 640 3233 potiores
662 3153 761 3213 tamen
776 3149 841 3234 ejus
858 3150 1002 3215 variantes
1023 3149 1153 3216 lectores
1165 3154 1254 3239 igno·

126 3285 190 3329 rare
213 3263 325 3329 noluit.
372 3265 404 3328 ln
428 3264 642 3328 commentario
665 3264 760 3350 igitur
782 3285 876 3348 quum
900 3263 1008 3330 ultimo
1031 3265 1167 3344 demum,
1191 3269 1214 3332 i.
1227 3289 1254 3331 a.

126 3380 206 3455 XXV,
231 3381 411 3464 Protenang.
438 3380 504 3465 Cap.
530 3377 614 3443 illius
637 3379 784 3444 rationem
804 3378 911 3444 habere
933 3379 1092 3465 potuisset,
1111 3403 1149 3447 ex
1165 3383 1253 3468 Capp.

124 3493 265 3558 l-XXlV
287 3494 320 3558 in
342 3496 477 3579 Proteqq.
503 3494 665 3581 permultas
685 3499 823 3559 accurate
846 3493 1007 3558 enotandas
1035 3497 1155 3561 curavit
1180 3495 1257 3561 itlius

125 3607 270 3673 lectiones
294 3609 346 3691 (t).

127 3873 274 3923 consulatur
299 3875 425 3937 imprimis
452 3874 680 3935 Schnitrerns,
703 3875 776 3938 cujas
796 3876 899 3938 copiosa
921 3881 1006 3923 exstat
1023 3889 1136 3926 censura
1154 3878 1179 3926 in
1203 3875 1256 3940 otte.

126 3965 216 4031 (Harl.)
235 3965 264 4015 L.
278 3966 311 4016 Z.
330 3969 360 4016 ad
378 3970 487 4018 eandem
505 3984 538 4017 m.
557 3969 612 4018 Jul.
636 3974 709 4028 1842,
730 3967 775 4016 ΝΟ.
789 3973 821 4016 55
834 3983 891 4032 sqq.
911 3967 986 4033 (Ery.
1003 3967 1066 4032 BL).
1095 3969 1155 4032 Quo
1165 3969 1256 4033 jndice,

126 4075 210 4122 »quum
228 4057 282 4108 Ven.
300 4057 345 4108 tic.
365 4057 421 4109 Cod.
436 4059 504 4110 mutto
519 4062 705 4126 praestantiores
720 4063 814 4121 habeat,
829 4082 897 4128 quam
917 4065 1009 4129 reliqui,
1024 4059 1142 4125 lectiobee,
1159 4065 1259 4117 dubitari

125 4168 185 4199 naor
205 4159 280 4215 potest
295 4151 368 4215 quin,
388 4152 569 4218 Proteuonyelr‘i
591 4163 665 4205 textae
677 4157 804 4220 siquando
826 4167 972 4218 retractetur,
988 4160 1144 4224 fundamenti
1163 4160 1258 4211 locarit

124 4244 287 4309 r›porrerrdus,'’

157 4337 192 4398 (1)
211 4337 332 4388 Commeat.
345 4338 414 4405 Hac.
433 4356 491 4392 enm
506 4341 619 4406 Apparet.
639 4343 693 4392 crit.
711 4344 750 4392 eff.
768 4344 906 4411 Apoerypb.
926 4346 1040 4412 Prolefry.
1058 4366 1083 4413 p.
1103 4350 1158 4400 XV
1175 4365 1211 4413 aq.

158 4432 192 4492 (2)
211 4429 277 4482 Cum
295 4448 319 4498 p.
338 4437 386 4490 49,
404 4435 448 4483 nbi
468 4450 500 4484 ex
522 4434 585 4486 Cod.
607 4435 638 4486 R.
660 4444 739 4488 toturn
758 4441 876 4502 proditur
897 4437 958 4507 Cap.
984 4440 1073 4500 XXV,
1089 4442 1122 4491 ef.
1143 4443 1251 4510 Proteyy.
