2782 4958
216 361 279 423 182
607 378 648 420 nn
670 377 770 420 noran
791 377 953 420 naruncrrs

214 545 394 624 comitibus,
436 545 499 608 suis
535 545 592 629 ipsi
631 543 750 627 scriptis
787 563 899 606 sacram
933 541 1069 606 excolere
1102 545 1220 628 possint
1258 551 1330 631 atqie

214 660 363 725 illustrare
386 658 564 724 doctrinam.
614 661 749 735 Quorum
771 679 808 722 ex
829 656 1010 721 umbraculis
1036 679 1127 741 quam
1158 659 1236 723 clara
1263 682 1331 746 saepe

214 775 267 839 lux
292 773 402 839 Christi
434 775 599 838 manaverit
629 774 661 837 in
687 772 863 836 Societatem
885 773 965 835 inter
985 793 1089 836 omnes
1112 780 1242 838 constat.
1287 776 1332 840 dlii

216 894 339 965 contra,
365 910 427 952 non
450 890 550 952 minus
570 886 712 951 laudandi
735 885 799 967 illi,
823 886 856 948 in
871 885 1053 970 templorum
1072 889 1272 972 amplitudine
1291 913 1332 976 pro

215 1007 361 1069 concione
383 1003 534 1084 dicentes,
568 1001 768 1085 quodcunque
790 1000 907 1086 ingenii
930 999 1040 1065 habent
1064 1007 1157 1085 atque
1185 1005 1333 1081 acuminis,

216 1121 363 1184 anaturt
384 1122 559 1202 acceptum,
583 1116 784 1200 quodcunque
807 1115 984 1191 facundiae,
1011 1138 1070 1180 usu
1091 1123 1184 1200 atque
1208 1121 1333 1183 exercita·

215 1235 299 1298 tione
311 1237 513 1316 comparatum
530 1251 564 1295 ao
586 1231 818 1306 confirmatum,
835 1214 869 1294 id
888 1231 926 1294 ad
949 1229 1087 1294 mortales
1102 1230 1215 1296 Christi
1230 1235 1334 1297 nomine

215 1353 246 1412 et
276 1348 455 1411 auctoritate
482 1345 650 1421 docendos,
682 1343 897 1420 consolandos,
930 1344 1098 1409 salutariter
1129 1346 1333 1427 adhortandos,

215 1459 389 1545 migrationi
414 1460 447 1522 in
470 1459 588 1523 coelum
609 1459 829 1544 praeparandos
851 1457 995 1522 adhibent
1010 1480 1050 1522 -ac
1073 1464 1269 1525 convertunt.
1310 1462 1335 1524 In

215 1596 276 1657 quo
307 1594 378 1637 vero
409 1594 501 1658 penso
528 1575 706 1658 gravissimo
729 1595 793 1637 non
824 1572 1019 1637 subsistentes
1044 1593 1106 1638 non
1141 1573 1238 1654 nulli,
1265 1597 1335 1638 sanae

214 1690 304 1753 etiam
328 1689 524 1752 Homitetr'cee
546 1694 701 1772 praccepta
726 1686 891 1768 tradendo,
916 1688 1010 1750 sancti
1040 1688 1175 1752 muneris
1202 1689 1336 1754 tironibus

216 1807 277 1888 qut
299 1804 347 1866 via
366 1824 399 1866 ao
421 1803 536 1866 ratione
562 1802 765 1878 adeundam,
789 1823 880 1884 quam
908 1801 967 1885 ipsi
997 1803 1155 1866 consecuti
1180 1809 1273 1885 sunt,
1302 1803 1338 1869 di·

217 1917 304 1982 cendi
326 1916 445 1981 landem
468 1917 678 2001 adspirandum
701 1917 742 1981 sit
763 1921 849 1980 acute
872 1921 1104 1980 commonstrare
1124 1923 1280 1982 conantur.
1312 1918 1338 1980 ln

219 2034 277 2097 illo
299 2052 409 2117 genere
436 2029 573 2115 plerique
593 2036 696 2112 erant,
721 2031 758 2094 de
781 2028 891 2113 quibus
912 2036 998 2094 antea
1014 2031 1165 2111 diximus,
1184 2031 1340 2096 Germaniae

220 2148 370 2211 Doctores.
418 2149 450 2210 ln
474 2150 526 2211 hoc
548 2167 662 2230 nuper,
691 2166 785 2228 quum
814 2145 892 2228 apud
925 2146 1004 2209 cives
1026 2150 1093 2208 tum
1117 2147 1197 2230 apud
1220 2152 1339 2224 exteros,

220 2260 372 2326 nobilitati
394 2266 484 2339 sunt,
511 2261 549 2325 de
572 2260 683 2344 quibus
704 2281 787 2324 nunc
811 2280 905 2344 pauca
927 2281 966 2322 ex
988 2259 1092 2323 multis
1114 2282 1235 2324 narrare
1253 2261 1339 2345 jurat,

220 2396 387 2440 nonovrcos
410 2396 594 2441 rnanunrcus
616 2395 795 2438 rnrucrscos
825 2394 1000 2450 ranarum,
1024 2396 1182 2439 sonamus
1207 2395 1343 2440 nemarcos

218 2511 420 2556 araunaanos
442 2501 593 2566 namara,
622 2509 824 2554 annumerans
845 2509 1028 2554 maneamus
1050 2509 1178 2553 arnam.

225 2756 236 2769 -
264 2719 457 2802 Eloquentiae
473 2740 571 2783 sacrae
589 2720 622 2783 in
638 2719 763 2784 historit
779 2724 949 2784 nostrorum
965 2719 1088 2802 quidem
1102 2718 1252 2784 lectorum
1266 2739 1343 2783 nemo

217 2831 305 2896 facilc
335 2838 396 2896 tam
426 2832 532 2916 hospes
558 2835 634 2909 crit,
660 2834 799 2912 confido,
825 2838 861 2897 ut
883 2854 1038 2916 nunquam
1069 2836 1176 2899 merita
1211 2833 1343 2898 celebrata

217 2946 345 3011 audierit
374 2967 527 3011 rnancrscr
554 2968 719 3014 ranarum.
765 2947 816 3012 Sic
838 2948 919 3011 enim
942 2946 1078 3012 breviore
1111 2945 1288 3031 plerumque
1316 2965 1343 3008 se

217 3062 339 3125 nomine
356 3061 482 3126 dicebat.
519 3061 611 3145 Cujus
624 3066 763 3127 terrestre
782 3061 968 3126 curriculum
991 3062 1016 3125 si
1039 3062 1109 3145 quis
1129 3062 1209 3126 forte
1231 3061 1287 3125 sibi
1300 3060 1343 3123 da·

218 3175 308 3240 scribi
330 3176 424 3253 velit3
450 3175 706 3240 Ukermarkiensis
728 3182 810 3252 erat,
836 3177 869 3240 d.
898 3177 938 3241 19
963 3177 1057 3240 Martii
1080 3198 1108 3240 a.
1138 3177 1226 3242 {¹183
1250 3176 1344 3241 Grum-

219 3291 320 3354 roviae
342 3296 452 3365 natus;
483 3288 537 3354 ubi
560 3291 660 3354 coetui
684 3293 770 3355 Pater
792 3292 922 3355 Antiates
952 3295 1087 3376 praeerat
1115 3289 1342 3378 Francogallico.

209 3387 299 3480 'Quid
326 3407 436 3468 mirum
470 3406 513 3481 si,
538 3405 642 3469 eadem
666 3404 848 3488 aliquando,
882 3408 943 3490 qut
968 3409 1098 3481 Parcus,
1130 3405 1240 3491 lingua
1259 3426 1343 3479 usus,

219 3519 418 3605 Euangelium
442 3521 620 3584 annuntiare
650 3518 792 3604 cupiebat
817 3519 1008 3584 adolescens?
1052 3520 1085 3582 ld
1108 3539 1202 3604 agens
1234 3520 1343 3604 igitur,

219 3638 412 3718 posteaquam
445 3632 562 3696 Halensi
592 3634 625 3697 in
657 3634 814 3698 Academit
844 3636 874 3698 F.
909 3636 944 3698 Α.
977 3632 1117 3698 Wolfii
1139 3633 1288 3718 imprimis
1316 3648 1344 3695 ec

216 3747 389 3832 Knappii
412 3746 571 3832 disciplind
593 3753 656 3812 erat
679 3749 852 3826 institutus,
883 3769 944 3831 quo
966 3747 1153 3811 commodius
1176 3748 1215 3812 ad
1237 3746 1344 3832 elegan-

214 3862 322 3925 tiorem
353 3867 532 3926 memoratae
565 3862 687 3948 linguae
716 3885 804 3928 usum
834 3868 1039 3942 exerceretur,
1076 3863 1225 3927 Genavam
1253 3860 1345 3925 Helve-

216 3976 328 4038 tiorum
352 3995 383 4037 se
405 3974 552 4052 contulit;
577 3974 631 4039 uhi
655 3975 840 4058 aliquamdiu
855 3979 1073 4055 commoratus,
1090 3994 1174 4037 sacro
1189 3971 1344 4037 ministerio

218 4088 461 4172 inaugurandum
485 4111 516 4153 se
539 4091 665 4154 curavit.
710 4092 797 4153 Nunc
820 4096 919 4154 autem
944 4094 1085 4172 quantam
1117 4108 1263 4171 acquam
1291 4106 1342 4149 rna·

216 4207 315 4266 turam
337 4201 395 4266 sibi
419 4206 617 4287 compartsset
639 4203 826 4288 eloquentiae
859 4203 977 4268 laudem
1001 4203 1171 4267 luculenter
1203 4201 1339 4289 apparuit.

217 4319 301 4392 Nam,
327 4317 443 4382 decimo
463 4318 525 4401 jam
546 4317 636 4402 hujus
659 4319 751 4384 seculi
768 4341 859 4395 anno,
886 4318 1048 4383 honorifice
1064 4317 1227 4382 admodum
1243 4311 1339 4380 beroli-

216 4431 352 4495 nensium
386 4432 487 4495 coetui
518 4431 737 4516 Francogallico
769 4433 941 4516 praeficitur
971 4418 1112 4496 Antiates.
1161 4429 1337 4496 Nobilissimo
