2782 4958
225 328 266 392 oo
715 347 867 391 manusrro

226 539 300 589 rum
314 513 502 612 disciplinae
515 512 734 610 comparanda
750 524 800 585 est
812 511 1038 609 Soioproploq
1052 535 1151 610 quam
1161 512 1329 588 Auditorum
1390 566 1391 570 =

230 638 262 710 in
292 636 427 735 gratiam
455 633 578 734 aliquot
606 648 681 707 ante
705 659 808 706 annos
829 633 917 732 typis
940 632 1188 709 describendam
1211 636 1271 735 ipse
1285 663 1330 710 co-

229 760 312 832 ravit
337 759 398 857 (l).

278 1001 447 1076 Ecclesiae
472 1009 504 1074 in
529 1004 697 1076 Historiois
718 1017 921 1103 quantopere
946 1005 1136 1079 excelluerit
1161 1005 1329 1091 Amicos,et
1379 923 1391 1142 ξ

229 1154 290 1201 nos
316 1128 611 1202 demonstravimus
637 1154 697 1200 mec
722 1127 896 1226 quisquam
923 1129 1017 1202 laeile
1042 1130 1181 1227 ignorat.
1226 1131 1331 1204 Verun-
1382 1149 1391 1263 Ἰ

230 1265 338 1325 tamen
370 1251 515 1347 ejusdem
548 1249 653 1324 laudis
684 1252 716 1324 iu
746 1252 933 1327 societatem
960 1253 1013 1326 alii
1044 1254 1236 1328 admittendi
1261 1267 1331 1340 sunt,
1388 1274 1391 1348 'j

231 1375 381 1474 quamvis
405 1376 525 1474 oppido
551 1375 662 1473 pauci,
688 1376 756 1448 Viri
782 1376 899 1451 eximii.
951 1378 1016 1451 Sed
1042 1379 1152 1452 nescio
1182 1404 1223 1452 an
1249 1379 1279 1450 in
1297 1376 1334 1466 iio,

231 1500 412 1572 recentiore
435 1499 564 1598 quidem
590 1499 652 1572 hoc
680 1513 847 1598 tempore,
869 1527 965 1574 nemo
987 1502 1099 1592 luerit,
1125 1502 1179 1574 cui
1205 1501 1338 1589 tamdiu,

233 1637 298 1695 tam
316 1622 443 1696 diversa
464 1624 602 1713 ratione,
628 1629 718 1696 tanta
735 1624 917 1696 constantia
939 1623 1084 1721 ejusdem
1107 1624 1274 1699 Ecclesiae
1283 1624 1344 1722 juro

211 1785 213 1790 ·
235 1747 316 1817 tueri
338 1746 510 1844 contigerit
530 1761 564 1820 et
587 1747 835 1846 propugnacula
859 1748 1034 1822 defendere
1054 1761 1087 1822 et
1109 1749 1345 1822 adversariisre

232 1869 358 1942 sistere.
396 1870 507 1943 Fuerit
528 1871 559 1942 in
578 1869 660 1960 aliis,
683 1872 891 1970 nequeenim
908 1885 958 1945 est
978 1871 1067 1972 quod
1081 1872 1240 1962 dubitem,
1255 1871 1347 1945 eadem

232 1992 384 2066 voluntas
409 1993 587 2067 Historicis.
639 1995 684 2066 Ao
714 1993 819 2068 deluit
845 1995 882 2066 iis
907 2008 965 2068 aut
990 1996 1099 2068 minus
1124 2009 1270 2093 paratam
1293 2016 1349 2067 sese

233 2115 353 2188 obtulit
378 2117 614 2214 opportunitas,
667 2117 941 2216 Royaardsius
966 2132 1074 2191 autem
1098 2119 1253 2217 primum,
1278 2114 1350 2217 quod

232 2266 334 2339 supra
347 2242 413 2338 jam
432 2242 627 2330 monuimus,
650 2242 770 2315 multos
791 2267 849 2340 per
868 2267 971 2315 annos
989 2241 1213 2315 sanctissimae
1234 2263 1352 2315 caussae

234 2364 457 2462 patrocinatus
475 2376 542 2452 est,
563 2363 713 2437 societati
733 2365 907 2461 eaqueus,
930 2389 1016 2462 quoe
1037 2363 1158 2437 Christi
1180 2363 1351 2463 religionem

235 2485 471 2560 defendendam
496 2501 702 2586 susceperat,
725 2487 989 2561 Moderatoribus
1007 2487 1211 2586 adscriptus,
1234 2501 1268 2561 et
1288 2511 1353 2560 vero

235 2611 280 2683 ita
311 2611 512 2712 adscriptus,
539 2626 577 2686 ut
611 2626 815 2712 quantopere
846 2636 946 2684 curae
978 2611 1040 2683 sibi
1073 2627 1184 2685 essent
1212 2611 1353 2710 cordique

234 2733 408 2831 Euangelii
428 2735 612 2824 commoda,
631 2748 663 2809 et
680 2734 821 2832 Collegis
841 2747 873 2806 et
890 2735 961 2808 aliis
977 2735 1166 2836 quibusque
1185 2735 1352 2809 luculenter

237 2855 474 2930 demonstraret
493 2857 555 2956 (2)

287 2980 369 3051 Tum
394 2980 653 3054 Reformatorum
676 2983 804 3081 Spmodo
826 2983 971 3081 pasorali
993 2981 1123 3082 quoties
1144 2982 1207 3055 luit
1227 3006 1251 3055 c
1268 2979 1352 3054 conso'-

237 3101 304 3190 liis,
328 3102 418 3201 quod
439 3128 537 3201 saepe
560 3105 681 3178 lactum
708 3131 779 3180 esse
803 3107 971 3194 novimus,
997 3105 1092 3179 toties
1118 3118 1252 3180 nostrae
1270 3104 1351 3202 bajus

235 3224 403 3299 Ecclesiae
435 3231 541 3299 status
570 3229 694 3327 antiqui
726 3229 931 3329 recentisque
962 3229 1193 3327 peritissimum
1231 3229 1350 3326 ejusque

236 3348 493 3422 amantissimum
529 3375 602 3423 eum
630 3350 708 3423 vidit
734 3351 804 3439 illa,
835 3353 916 3449 justi
950 3352 1071 3425 ordinis
1097 3365 1269 3426 strenuum
1297 3347 1348 3422 rin·

237 3470 340 3544 dicem
366 3471 424 3545 sed
451 3472 652 3546 moderatum
678 3474 837 3563 eundem,
864 3475 1073 3573 prudentium
1096 3488 1264 3549 auctorem
1283 3497 1345 3546 ooo·

236 3595 392 3686 siliorum‚
417 3621 456 3669 ac
478 3622 519 3670 ne
542 3622 600 3694 per
617 3596 721 3670 calida
739 3624 804 3670 non
824 3598 985 3672 nullorum
1009 3599 1138 3696 ingenia
1151 3624 1266 3698 eaque,
1281 3616 1345 3696 quae

238 3719 455 3818 nequicquam
481 3718 697 3807 dissuaserat,
728 3719 858 3793 decreta
883 3719 1114 3794 detrimentum
1140 3734 1272 3820 caperet
1293 3720 1343 3792 lle·

237 3839 334 3913 olesia
350 3854 588 3941 quantumpote
603 3868 719 3916 cavere
739 3856 910 3916 conantem
927 3845 988 3944 (3)
1019 3845 1130 3943 Atque
1148 3844 1204 3917 hle
1220 3838 1342 3944 quamvis

275 4091 321 4162 (1)
340 4091 426 4145 Setae
442 4093 488 4145 der
509 4091 603 4145 Christ.
622 4093 752 4148 Zedeleer.
796 4093 849 4148 Tem
866 4094 1002 4148 leiddomed
1016 4111 1076 4148 voor
1093 4095 1157 4164 adme
1175 4095 1254 4148 cloud.
1270 4093 1341 4151 lew?

241 4189 350 4259 Utreeltq
375 4195 457 4245 1850.
498 4190 578 4260 (Non
598 4190 706 4262 publice
726 4190 855 4262 editum).

275 4290 323 4361 (2)
344 4288 413 4344 Cum
433 4287 478 4357 iis,
499 4306 570 4361 quae
590 4307 673 4362 supra
693 4290 823 4359 diximus,
842 4290 950 4347 monita
969 4291 1087 4347 conferri
1107 4299 1225 4365 possunt
1239 4280 1342 4362 pmeotell

249 4407 268 4442 n
287 4395 358 4444 orat.
379 4407 408 4461 p.
431 4395 478 4444 33.
499 4395 544 4444 34.

275 4487 321 4559 (3)
341 4487 427 4545 Plane
447 4489 603 4545 consentire
616 4489 721 4547 videbis
740 4507 810 4565 quae
828 4491 871 4547 his
889 4491 923 4548 de
942 4492 1024 4548 rebus
1041 4508 1095 4564 ego
1114 4491 1185 4564 dixi,
1200 4491 1220 4548 l.
1235 4489 1307 4547 allato
1319 4498 1339 4552 p·
