2782 4958
526 325 565 368 ua
588 324 787 369 narranaam.
1200 308 1221 370 5

138 490 285 576 Quorum
312 487 442 588 quidem
470 512 570 586 quum
598 489 729 561 nomina
761 501 1008 577 memorantem,
1042 502 1110 563 tum
1143 516 1219 565 vere

107 611 174 684 licta
197 609 439 699 recordantem,
472 638 534 684 non
563 612 701 685 multum
727 613 820 686 abest
847 612 987 711 (fatebor
1011 616 1110 712 enim)
1139 614 1217 714 quin

107 759 147 806 me
161 733 243 805 illius
262 735 444 832 poeniteat,
466 734 555 834 quod
578 760 682 832 nuper
701 735 867 833 professus
890 762 980 824 sum,
1003 737 1158 835 consilii(
1184 739 1215 836 ),

107 856 197 955 paullo
218 856 364 956 plenius,
390 880 487 955 quam
513 856 669 929 orationis
689 882 801 930 sacrae
830 857 946 930 limites
967 857 1214 956 permittebant,

110 980 239 1078 Collegae
260 978 423 1052 derebus
445 979 633 1077 meritisque
655 977 848 1077 exponendi.
899 979 1000 1080 Atqui
1022 980 1083 1053 hec
1110 981 1216 1079 ipsum

110 1101 231 1199 Colleqee
249 1128 366 1174 nemen
384 1115 432 1174 est
455 1126 493 1173 ac
511 1100 665 1174 diuturna
682 1101 806 1199 cellapii
824 1102 1043 1191 necessitudo,
1064 1129 1148 1204 quae
1165 1105 1215 1178 vel

108 1223 275 1320 pareutaodi
289 1223 431 1297 officium
448 1223 524 1295 mihi
538 1223 705 1322 imponere
720 1223 880 1310 videatur,
897 1225 946 1298 vel
964 1225 1106 1299 animum
1126 1243 1215 1301 certe

108 1347 254 1443 quiescere
271 1373 335 1419 nen
353 1347 452 1435 sinat,
472 1346 576 1420 donec
592 1347 660 1418 Viri
687 1347 880 1419 meritissimi
904 1347 1117 1450 ejusdemque
1135 1353 1213 1424 mihi

107 1470 238 1542 carissimi
261 1471 408 1544 Hominis
427 1470 591 1556 manibus,
611 1496 670 1568 pre
693 1476 763 1543 mea
784 1471 880 1543 etiam
901 1471 983 1544 virili
1002 1489 1108 1571 parte,
1126 1477 1214 1573 justa

107 1595 304 1690 persolverim.
332 1597 461 1667 Etenim
484 1609 623 1693 quartus
642 1607 674 1666 et
692 1593 877 1690 trigesimus
893 1595 947 1669 bie
970 1597 1077 1694 agitur
1096 1624 1211 1689 annus,

106 1738 134 1786 er
152 1743 212 1816 que
235 1718 268 1790 in
292 1716 427 1792 eandem
448 1717 547 1805 banc,
570 1715 684 1790 eodem
709 1717 776 1790 lere
797 1732 956 1816 tempore,
980 1719 1076 1792 delati
1097 1748 1214 1796 sumus

106 1836 424 1938 Rheno-Trajcctinam
443 1838 665 1925 Academiam,
682 1854 788 1912 aetate
804 1840 934 1939 quidem
956 1867 1006 1915 me
1025 1843 1128 1916 minor
1147 1844 1209 1932 ille,

105 1955 200 2057 ingenii
220 1965 370 2037 acumine
392 1965 605 2062 corporisque
628 1964 746 2037 robore
765 1967 875 2061 major,
895 1966 952 2039 sed
973 1981 1105 2038 sanctae
1126 1968 1210 2064 ejus·

105 2079 158 2156 lem
177 2087 364 2186 disciplinae
383 2089 587 2162 Professores
606 2088 704 2160 ambe
725 2090 889 2162 nominati.
928 2092 1076 2187 Longum
1100 2105 1209 2163 autem

105 2201 165 2294 loe,
188 2209 278 2308 quod
307 2236 326 2282 a
352 2211 456 2283 aredio
480 2238 565 2284 anno
594 2214 686 2288 taaa
716 2210 827 2296 nobis,
854 2211 966 2284 eedem
995 2212 1025 2282 in
1048 2213 1209 2310 palaestra

105 2333 303 2421 tersantibus,
331 2335 487 2432 temporis
505 2334 584 2407 abiit
608 2334 812 2406 intervallum
836 2360 901 2406 non
925 2342 1045 2431 majore
1065 2338 1208 2408 muneris

105 2471 126 2520 ¹⁰
148 2457 380 2552 permultorum
407 2458 573 2532 derebus
599 2456 792 2530 academicis
818 2457 1025 2530 consiliorum
1056 2484 1209 2531 commu-

105 2567 174 2650 lone
190 2581 382 2676 conjunctos
400 2606 459 2652 nes
477 2582 598 2668 tenuit,
616 2606 715 2679 quam
733 2579 893 2652 amicitiae
910 2581 1090 2653 constantia
1107 2597 1208 2681 atque

105 2701 270 2797 ttegritate.
307 2704 410 2800 Cujus
430 2716 519 2776 certe
545 2703 704 2775 amicitiae
726 2703 767 2774 de
791 2703 916 2776 ratione
936 2728 974 2776 ac
993 2703 1206 2778 diuturnitate

104 2817 162 2896 lem
185 2825 379 2925 aliquande,
407 2827 484 2898 mibi
512 2826 719 2924 superstitem
746 2826 884 2914 lactum,
907 2852 981 2899 rere
1006 2841 1037 2899 et
1059 2843 1205 2900 amanter

104 2947 163 3020 Jud
185 2949 364 3046 discipulos
385 2962 484 3048 atque
500 2948 666 3021 Ecclesiae
684 2947 790 3020 socies
811 2949 1029 3021 testimonium
1050 2976 1121 3022 esse
1138 2951 1206 3023 edi·

104 3092 184 3145 rrum
199 3071 370 3169 sperabam
384 3097 422 3144 ac
435 3069 649 3144 confidebam.
677 3074 764 3143 Ante
780 3073 924 3170 Royaa
935 3071 1095 3145 rdsium
1117 3075 1202 3146 enim

104 3193 149 3265 ihi
175 3193 251 3266 hinc
274 3193 460 3266 abeundum
483 3192 570 3279 lore,
593 3207 625 3266 et
650 3192 796 3294 plerique
820 3219 949 3283 omnes,
973 3195 1029 3292 qui
1054 3211 1201 3268 nostrum

104 3342 251 3414 rumque
268 3318 432 3414 cognitum
450 3316 647 3401 habuerunt,
665 3316 912 3414 augurabantur
929 3331 961 3389 et
976 3317 1052 3388 mibi
1070 3343 1202 3415 persua-

104 3441 233 3513 simum
256 3455 335 3513 erat.
368 3443 488 3512 Verum
512 3438 606 3511 aliter
625 3442 694 3511 Dee
712 3441 750 3512 0.
770 3442 813 3512 Μ.
833 3439 938 3512 visum
958 3453 1027 3525 est,
1045 3466 1199 3538 supremo

103 3589 156 3636 ,ae
183 3576 330 3634 nestrum
354 3563 514 3661 cujusque
539 3587 577 3632 ac
605 3561 717 3632 mortis
735 3560 879 3633 Arbitro.
931 3562 1006 3647 Quo
1027 3561 1125 3658 igitur
1148 3562 1199 3632 in-

104 3699 259 3785 spectato
282 3686 313 3757 in
336 3711 445 3758 rernm
475 3684 584 3771 exitu,
613 3683 639 3755 si
658 3684 741 3756 sorte
760 3683 917 3757 alterutra
941 3685 982 3756 sit
1003 3686 1198 3759 incurrenda

103 3867 242 3878 ..ι-...-

103 3967 153 4018 55.
179 3966 205 4015 1.
227 3979 255 4032 p.
279 3966 399 4016 etr-62.
421 3990 454 4001 —
473 3960 556 4028 Item,
580 3960 622 4014 his
639 3959 698 4031 jam
718 3959 837 4032 scriptis,
859 3959 895 4012 ad
914 3975 957 4014 me
977 3959 1116 4031 perfertur
1139 3963 1197 4017 Vite

103 4061 306 4134 >yearrlsii,
328 4068 455 4115 accurate
475 4067 559 4130 utque
578 4058 720 4129 eleganter
740 4065 851 4112 narrate
870 4056 979 4125 aViro,
1001 4059 1036 4112 de
1056 4059 1197 4115 Ecclesiae

103 4160 175 4216 triae
195 4157 310 4213 historia
329 4157 432 4229 optime
452 4157 562 4223 merito,
585 4158 619 4211 B.
636 4157 778 4220 Glasio,
799 4157 949 4229 inopere:
972 4157 1130 4227 Gerlpeleerd
1143 4161 1195 4215 Ne·

103 4261 189 4323 ·lanel,
209 4257 236 4310 h.
259 4276 286 4310 v.
317 4256 407 4328 Hujus
431 4257 503 4312 Vitae
522 4256 598 4311 locos
624 4256 778 4329 siquando
804 4255 941 4325 laudabo,
962 4274 1085 4312 seersum
1105 4259 1193 4314 fectae
1249 4242 1251 4246 λ

103 4357 197 4414 ilionis
215 4356 351 4412 rationem
371 4357 514 4411 habiturus
535 4376 606 4410 sum.

103 4460 150 4530 (t)
169 4458 287 4512 Memor.
310 4465 380 4512 orat.
404 4476 425 4511 s.
448 4457 628 4528 praefatione.
