2782 4958
145 338 189 396 94
630 353 798 396 uarvrorres

142 524 282 608 saepius,
309 542 399 606 quam
425 543 463 585 ex
489 520 779 607 Prolepomeuorum
804 522 930 586 monitis
955 521 1104 607 suspicari
1135 521 1273 599 licuerat,

142 635 198 700 ubi
226 636 266 701 ad
295 638 416 701 tertium
444 636 543 700 varias
573 635 720 700 lectiones
749 641 833 700 recte
862 634 1083 721 dignoscendas
1115 655 1277 721 paucmum

142 750 261 815 illarum
286 751 453 815 editionum
474 751 678 814 recensionem
701 772 805 836 parum
823 750 921 815 valere
938 749 1070 827 ridebat,
1086 751 1273 836 praecipuos,

143 867 197 951 qui
227 867 261 929 iu
291 866 410 930 diversa
443 863 576 942 abirent,
611 865 739 930 Codices
770 865 881 930 diserte
910 864 1111 930 nominandos
1145 866 1275 930 curavit.
1376 912 1387 929 .

144 979 251 1058 Quod,
273 1001 313 1043 ne
334 979 506 1063 iniquitatis
521 983 624 1042 notam
646 979 845 1054 incurrerem,
864 978 938 1043 milri
955 978 1186 1044 memorandum
1201 985 1275 1042 erat.

143 1093 235 1159 Hanc
256 1096 351 1179 ipsam
373 1094 471 1178 igitur
493 1094 639 1158 rationo·
657 1094 684 1156 si
705 1098 821 1177 postea,
847 1072 1020 1178 ubicunque
1043 1093 1228 1158 variantium
1246 1092 1277 1156 id

143 1209 273 1293 requirit
301 1212 507 1284 momentum,
545 1208 630 1290 sequi
664 1205 810 1291 placebit,
842 1228 953 1272 novum
985 1207 1058 1295 hino
1092 1208 1278 1296 cognitionis

143 1323 276 1387 finctum
300 1325 440 1405 capturos
462 1342 526 1384 esse
549 1319 677 1386 lectores
700 1321 849 1386 affirmare
871 1342 931 1387 uon
954 1321 1073 1388 dubito.

189 1768 304 1832 Verum
335 1765 468 1830 nondum
497 1767 704 1850 praecipuam,
738 1767 799 1850 que
820 1764 869 1830 vel
896 1766 1026 1829 maxime
1048 1764 1278 1830 commendatur

144 1903 239 1968 opus,
272 1880 469 1967 praestantiae
500 1885 589 1965 utque
615 1879 759 1945 utilitatis
779 1881 880 1945 dotem
904 1879 1149 1945 memoravimus.
1196 1878 1278 1944 Vere

142 1999 237 2075 enim,
249 2018 346 2081 neque
358 1997 497 2073 oratorie,
510 1995 662 2080 Synopoio
675 1994 725 2059 hlo
739 1995 818 2058 tradi
830 1994 989 2080 profitetur
997 1994 1159 2078 inscriptio
1168 1993 1278 2061 Erico·

142 2113 295 2198 peliorum
317 2112 488 2188 Matthaei,
523 2111 643 2187 Mor-oi,
666 2109 789 2186 Lurco,
815 2132 882 2175 cum
904 2109 995 2187 looie,
1017 2112 1072 2194 poi
1093 2119 1276 2194 ruperauot,

142 2227 303 2312 parallelis
322 2227 495 2290 litterarum
513 2236 541 2290 et
560 2226 763 2290 traditionum
786 2226 1180 2310 eucopelicorum,lroroeo
1198 2229 1279 2290 onti-

71 2417 73 2420 ,
143 2343 296 2428 polorum.
346 2339 436 2412 Quod
467 2340 635 2424 cujusmodi
664 2341 704 2403 sit
736 2341 839 2424 paucis
869 2339 1090 2425 exponendum.
1137 2337 1279 2421 Primum

143 2456 286 2539 quidem,
318 2456 472 2539 superiore
500 2453 677 2538 paginarum
705 2458 809 2536 parte,
838 2453 915 2537 ipsis
943 2474 1012 2518 cum
1039 2451 1278 2536 Euangeliorom

141 2568 328 2633 sectionibus
342 2569 468 2632 aliorum
485 2568 568 2631 Novi
582 2567 769 2631 Testamenti
788 2565 936 2632 librorum
953 2567 1035 2631 dieta
1053 2567 1190 2651 proxime
1205 2587 1279 2631 con·

139 2684 246 2768 J‘uuota
268 2687 428 2767 apparent,
452 2703 527 2766 quae
551 2682 693 2765 majorem
717 2679 846 2765 aliquam
871 2702 939 2747 cum
961 2680 1024 2745 illis
1038 2680 1086 2746 vel
1102 2679 1277 2745 historicam

141 2797 371 2861 similitudinem
393 2795 504 2861 habent
522 2799 569 2860 vel
586 2798 755 2881 argumenti
772 2797 937 2880 dogmatici
954 2801 1007 2860 aut
1027 2794 1160 2859 moralis.
1185 2794 1278 2866 Quod

141 2913 274 2996 opprime
296 2912 485 2975 fructuosum
505 2912 605 2975 dicere
627 2932 688 2974 uon
711 2931 817 2975 vereor
837 2911 1025 2976 institutum.
1067 2908 1212 2975 Nameio
1228 2909 1278 2973 de·

143 3046 226 3091 mum
249 3027 464 3090 accuratiorem
488 3028 525 3091 ad
547 3026 799 3111 comparationem
814 3027 863 3089 via
878 3025 1024 3090 sternitur
1043 3045 1078 3089 sc
1097 3023 1275 3102 facilitatur,

140 3163 209 3206 eum
231 3162 335 3205 eorum
358 3141 442 3204 Nori
465 3140 609 3204 Foederis
631 3143 785 3220 locorum,
816 3140 928 3226 quibus
951 3139 1187 3225 Euangeliorum
1210 3160 1278 3204 nar·
1373 3161 1385 3177 ⁴

141 3255 310 3320 rationibus
331 3255 517 3320 luculentius
539 3256 659 3340 aliquod
678 3258 767 3321 datur
783 3256 956 3320 veracitatis
975 3255 1196 3335 testimonium,
1212 3264 1278 3319 tum

140 3373 262 3436 illorum
285 3371 322 3437 ab
345 3371 500 3456 Apostolis
522 3372 691 3450 dictorum,
718 3393 794 3457 quae
817 3371 993 3456 pressiorem
1017 3367 1153 3446 habeut,
1186 3388 1278 3452 quam

140 3487 276 3572 plerique
305 3487 596 3565 animadverterant,
630 3485 745 3551 Christi
776 3506 884 3550 vocum
906 3490 997 3569 atque
1019 3485 1179 3548 effatorum
1207 3484 1277 3548 imi·

141 3603 297 3667 tationem.
347 3602 421 3665 llsto
444 3622 532 3676 saue,
555 3601 756 3684 nequeenim
780 3621 875 3684 nego,
901 3597 1063 3663 nonnullos
1086 3595 1137 3661 hie
1157 3596 1277 3661 deside·

142 3718 202 3781 rori
225 3717 307 3781 locos
329 3716 455 3794 similes,
481 3716 617 3798 quinon
640 3715 750 3800 magis,
775 3736 865 3798 quam
889 3712 946 3791 illi,
973 3732 1048 3796 quos
1070 3715 1151 3775 recte
1170 3711 1278 3776 allutos

142 3831 296 3909 videmus,
329 3830 489 3894 omittendi
510 3829 656 3894 luissent.
705 3831 749 3892 At
770 3828 831 3892 huc
854 3849 974 3912 quoque
996 3828 1109 3890 tritum'
1124 3825 1202 3889 illud
1226 3849 1278 3909 ap-

141 3943 253 4028 plicare
276 3945 347 4008 licet
368 3943 500 4008 dietum:
527 3944 693 4007 dimidium
711 3946 831 4027 operio,
860 3946 915 4028 qui
934 3943 1063 4026 incipit,
1083 3940 1182 4005 labet.
1209 3941 1278 4004 Ne·

140 4078 201 4144 que
222 4059 303 4121 enim
326 4057 497 4122 inchoatam
520 4059 622 4124 lucida
644 4063 694 4138 et,
719 4081 809 4144 quam
833 4060 1065 4142 descripsimus,
1090 4057 1208 4120 ratione
1231 4056 1279 4120 lo-

141 4193 245 4237 corum
268 4172 413 4236 similium
436 4172 625 4238 collationem
649 4178 753 4258 postea
776 4172 932 4258 supplendi
952 4194 986 4236 ac
1006 4170 1210 4256 locupletandi
1228 4171 1277 4236 vel

142 4289 199 4372 ipsi
223 4289 319 4352 dee'rit
341 4288 460 4352 Editori
483 4287 529 4351 vel
552 4287 618 4351 aliis
638 4288 856 4372 opportunitas.
879 4325 922 4335 -
942 4287 1009 4350 Nee
1030 4287 1131 4349 miuus
1153 4289 1277 4369 gratum

142 4401 246 4465 multis
274 4401 380 4464 fecisse
410 4403 603 4484 Augerum
634 4400 791 4479 existimo,
825 4400 925 4483 quod,
956 4401 1043 4484 juxta
1071 4399 1209 4470 criticam
1238 4397 1277 4460 de
