2782 4958
218 352 281 418 194
607 371 648 412 oe
670 369 769 414 norea
791 369 952 415 umuucrrs

218 561 275 604 nec
297 538 361 602 sine
385 537 497 603 acriore
521 536 734 620 aemulatione,
759 536 818 602 sibi
840 538 1044 622 praepositum
1067 538 1210 604 viderent
1240 538 1337 624 sibique

218 654 291 718 adeo
314 651 478 738 praelatum
501 651 655 717 hominem
681 657 839 732 exterum,
864 650 1037 735 eloquentia
1060 654 1186 736 quidem
1208 654 1337 720 valentem

217 767 318 845 illum,
337 790 392 832 nec
415 773 530 844 tamen,
556 788 660 831 eornm
683 767 803 850 quidem
824 767 955 852 judicio,
978 769 1137 833 recondita
1158 775 1339 853 praestantem

219 883 389 948 eruditione
419 882 601 968 theologica.
650 883 751 958 Quum
782 883 955 968 praesertim
982 884 1168 969 gravissimis
1202 884 1236 947 in
1267 883 1339 948 rebus

218 1020 308 1081 quam
339 996 429 1083 longe
453 1019 469 1061 a
490 1018 521 1060 sa
553 996 725 1061 dissentiret
746 1018 808 1062 nou
837 998 1031 1083 ignorarent,
1056 999 1261 1082 timerentque
1280 999 1339 1062 adeo

218 1111 301 1176 illius
317 1113 498 1191 Episcopatu
512 1132 550 1174 ne
572 1133 626 1175 sua
640 1110 866 1197 infringeretur,
885 1134 975 1196 quam
994 1112 1178 1179 insolentius
1191 1113 1337 1198 jactabant,

219 1227 340 1292 libertas
364 1225 546 1312 theologica.
584 1227 694 1289 Eorum
716 1226 798 1291 enim
820 1248 882 1290 nou
904 1228 992 1312 pauci
1014 1229 1048 1291 in
1070 1227 1278 1293 audacioribus
1296 1248 1339 1291 no·

219 1343 300 1405 mina
331 1341 456 1425 professi
487 1346 572 1405 erant
602 1341 835 1407 Rationaliatis.
885 1343 1019 1418 Quorum
1049 1344 1146 1431 igitar
1180 1344 1290 1408 insanis
1313 1345 1340 1406 in

219 1453 383 1540 Theologid
405 1460 494 1537 atque
515 1456 548 1517 in
573 1454 702 1519 Ecclesia
725 1455 802 1520 nihil
830 1478 893 1521 non
915 1457 1080 1524 innovandi
1103 1459 1216 1524 studiis
1237 1480 1270 1523 ao
1290 1478 1341 1521 mo·

220 1572 378 1637 litionibus
394 1573 468 1656 quid
490 1572 696 1639 vehementius
715 1579 832 1659 poterat
855 1576 1019 1653 adversari,
1042 1597 1134 1660 quam
1151 1576 1291 1655 Ispmoopi
1302 1574 1342 1659 pia

221 1687 365 1752 desideria
388 1691 593 1770 conatusque,
618 1687 728 1770 quibus
754 1688 899 1754 alienatos
929 1712 946 1753 a
970 1690 1087 1754 Christo
1120 1688 1343 1754 Christianorum

220 1804 335 1866 animos
366 1802 402 1866 ad
426 1805 501 1865 Eum
532 1801 718 1866 reducendos
744 1802 869 1886 putabat
891 1808 982 1886 atque
1012 1803 1049 1866 ad
1071 1802 1143 1867 fidei
1167 1801 1344 1888 euangelicos

221 1918 399 1980 sanitatem?
423 1953 465 1964 -
491 1916 577 1991 Quod
600 1917 634 1979 in
655 1918 754 1998 tanta,
779 1937 855 1999 quae
877 1917 951 1981 illos
972 1917 1051 1980 inter
1073 1920 1106 1979 et
1127 1919 1207 1980 tuno
1231 1917 1344 1980 interce·

221 2029 322 2107 debat,
349 2031 519 2096 studiorum
542 2052 577 2094 ac
598 2032 816 2095 sententiarum
840 2031 1058 2117 discrepantia,
1081 2029 1171 2094 facile
1196 2029 1344 2116 exspectari

219 2150 358 2230 potuerat
381 2168 414 2210 ac
437 2145 616 2230 praevideri,
634 2145 667 2209 id
684 2144 767 2210 brevi
781 2146 876 2209 tristis
898 2144 1105 2230 comprobavit·
1119 2165 1224 2209 rerum
1245 2148 1342 2208 exitu.

220 2261 385 2345 Episcopus
407 2262 505 2340 enim,
532 2281 621 2342 quem
645 2280 728 2323 nunc
749 2261 850 2323 minus
874 2261 983 2337 etiam,
1008 2281 1098 2343 quam
1121 2265 1211 2324 antea
1231 2260 1344 2338 suiset,

223 2375 374 2438 liberalem
391 2373 551 2451 habebant,
569 2396 676 2458 quum,
693 2377 749 2438 sua
770 2395 842 2439 usus
864 2379 930 2457 aut,
947 2380 985 2438 nt
1005 2374 1077 2460 ipsis
1095 2374 1268 2450 videbatur,
1283 2371 1345 2437 abu-

221 2511 272 2555 sus
294 2491 491 2574 auctoritate,
515 2496 637 2556 strenue
660 2512 763 2555 eorum
794 2491 944 2555 resisteret
966 2489 1126 2570 audaciae,
1150 2509 1210 2553 nec
1231 2510 1281 2552 eos
1301 2508 1345 2551 suo

221 2627 276 2691 pro
292 2605 439 2671 arbitratu
454 2606 574 2688 quidvis
589 2604 689 2669 dicere
705 2626 739 2669 ac
754 2603 854 2669 moliri
870 2604 1068 2688 permitteret,
1085 2601 1133 2666 illi
1156 2623 1228 2668 eum
1250 2602 1344 2682 odisse,

221 2720 383 2796 lacessere,
416 2718 537 2804 publice
569 2742 602 2783 ao
633 2720 775 2803 privatim
806 2717 982 2783 calumniari
1011 2719 1205 2801 inceperunt.
1231 2753 1273 2764 -
1299 2719 1345 2780 liae

223 2841 335 2908 autem,
361 2855 435 2917 quae
458 2833 495 2898 ab
518 2834 607 2897 initio
628 2832 689 2918 jam
713 2834 785 2897 satis
808 2853 913 2918 graves
936 2834 1067 2908 fuerant,
1092 2833 1155 2896 irae
1178 2830 1304 2914 litesque
1322 2835 1346 2893 et

223 2946 430 3013 altercationes
445 2948 628 3033 aliquamdiu
644 2952 713 3032 post
727 2968 780 3033 per
794 2947 960 3013 infaustum
976 2945 1106 3029 aliquem
1130 2945 1274 3010 adauctae
1287 2947 1346 3008 sunt

223 3068 364 3127 eventum
387 3069 477 3147 atque
501 3060 701 3128 exacerbatae.
749 3064 900 3144 Nusquam
919 3061 1001 3126 enim
1022 3060 1245 3143 impudentius,
1270 3079 1345 3142 quam

222 3179 255 3241 in
280 3179 440 3254 Saxonioa,
465 3178 514 3242 cui
537 3175 764 3240 Drttsekius
785 3179 936 3259 praeerat,
960 3173 1095 3239 Dioeoesi
1118 3173 1296 3258 praecipites
1309 3168 1346 3234 illi

223 3293 432 3379 grassabantur
455 3297 635 3372 Novatores,
661 3291 715 3374 qui
737 3289 830 3354 Lucia
852 3291 971 3354 Amicos
993 3310 1055 3352 sese
1077 3285 1228 3350 vocabant
1249 3291 1343 3369 atque,

222 3407 433 3488 Ulrlichio,
459 3404 757 3491 ltlagdeburgensium
781 3405 934 3479 Antisara,
960 3403 1122 3488 praecipuo
1145 3407 1280 3477 auctore,
1303 3401 1345 3462 llo·

223 3520 346 3597 clesiae,
373 3541 502 3604 quorum
532 3520 585 3583 diu
615 3522 742 3605 pertaesi
773 3526 877 3599 erant,
910 3518 1041 3584 vinculis
1064 3517 1154 3601 plane
1184 3539 1215 3580 se
1246 3515 1344 3580 solvere

221 3634 407 3701 conabantur
422 3655 531 3717 eosque
546 3633 686 3714 condere,
700 3655 776 3717 quos
789 3634 923 3718 specioso
940 3633 1061 3696 nomine
1074 3631 1185 3695 liberos
1200 3629 1342 3702 vocabant,

221 3773 318 3815 sacros
342 3757 447 3813 coetos.
486 3749 535 3811 His
558 3769 640 3829 vero,
659 3751 719 3831 qual
742 3749 873 3812 maxima
896 3751 1013 3832 poterat
1035 3744 1085 3811 vel
1107 3743 1303 3830 persuadendi
1322 3739 1343 3804 ri

222 3865 270 3928 vel
293 3864 425 3926 muneris
450 3864 637 3938 auctoritate,
656 3862 775 3925 obviam
795 3862 839 3925 ire
862 3860 1103 3936 llrasekius3
1129 3860 1245 3944 quippe
1267 3858 1344 3941 quia

222 3979 312 4042 Lucia
327 3975 444 4040 scilicet
461 3977 576 4040 Amicis
598 3976 663 4039 istis
675 3997 780 4060 puram
793 3973 950 4061 Euangelii
966 3974 1063 4038 lucem
1080 3972 1236 4037 obscurari
1250 3970 1341 4043 nollet,

224 4100 314 4175 atque
338 4113 375 4154 ex
399 4090 575 4164 hominum,
601 4111 671 4154 suae
695 4089 842 4154 divinitus
865 4109 952 4152 curae
981 4088 1229 4164 commissorum,
1254 4083 1343 4150 animis

225 4207 327 4271 deleri.
379 4208 459 4281 Quae
490 4210 551 4268 tam
581 4202 782 4268 intolerabilia
810 4204 848 4266 iis
871 4201 1051 4267 videbantur
1073 4205 1164 4284 atque
1195 4202 1267 4267 adeo
1295 4216 1343 4261 non

224 4321 343 4384 ferenda
374 4319 458 4383 illius
493 4317 637 4393 consilia,
675 4323 732 4400 ut,
756 4339 818 4381 uno
848 4314 944 4381 veluti
975 4314 1095 4401 agmine
1125 4315 1224 4380 facto:
1257 4319 1343 4394 Apope

227 4438 391 4523 lucifopum
424 4436 513 4498 istam
537 4433 736 4512 Episcopum!
761 4432 921 4496 clamarent
951 4452 985 4494 ac
1007 4429 1256 4496 uociferarentur.
1300 4420 1343 4500 Qui
