2782 4958
147 327 191 390 lt
640 342 779 386 errorum

147 531 288 606 rumque
304 506 517 580 conformatio
534 530 586 580 me
606 506 718 604 potius
734 505 880 579 studiose
899 517 1050 580 secutum
1077 529 1160 598 esse,
1178 529 1279 604 quam

147 631 284 704 leliciter
309 642 511 716 assecutum,
524 628 649 703 lubens·
668 630 781 703 fateor.
1012 627 1014 633 ’

182 875 294 962 *Quod
316 874 427 974 paullo
448 873 613 972 copiosius
635 872 717 947 baec
740 875 892 973 exposui,
913 875 1157 949 commilitones
1173 875 1279 949 dilec-

146 999 260 1074 tissimi
282 997 445 1096 iidemque
463 999 548 1095 jam,
567 998 663 1095 longe
684 999 805 1095 majore
826 1023 867 1071 ex
890 1012 1000 1098 parte,
1026 999 1171 1073 muneris
1193 999 1279 1072 sacri

146 1122 232 1197 Socii
257 1119 453 1220 gravissimi!
478 1120 542 1193 feei
568 1146 636 1220 quo
659 1119 860 1194 luculentius
880 1120 922 1194 de
946 1120 1071 1194 caussis
1096 1134 1278 1210 constaret,

146 1245 268 1345 quibus
290 1243 452 1342 impulsus
476 1244 593 1317 restris
614 1243 772 1342 imprimis
793 1242 984 1316 nominibus
999 1268 1089 1315 mess
1108 1243 1169 1314 bas
1184 1241 1280 1315 cbar-

146 1383 198 1442 tas
221 1365 450 1465 inscripserim.
502 1366 596 1452 Quae
620 1365 707 1439 enim
744 1381 892 1464 tempora
922 1366 1081 1454 vivimus,
1120 1365 1215 1439 multi
1246 1379 1281 1438 et

146 1489 283 1563 aliarum
303 1501 337 1561 et
364 1500 550 1562 nostrarum
574 1488 771 1561 Litterarum
793 1488 946 1578 cultores,
965 1488 1103 1562 caeteris
1116 1487 1278 1587 sepositis,

145 1612 215 1686 sole
234 1611 302 1684 lere
323 1619 363 1683 ea
381 1610 442 1683 sibi
463 1610 600 1708 legenda
619 1624 751 1709 putant,
772 1637 857 1710 quae
879 1611 948 1684 suis
963 1611 1112 1710 partibus
1132 1610 1280 1683 studiose

145 1732 359 1834 patrocinari,
384 1732 588 1808 adversarias
613 1734 842 1808 vehementius
877 1734 1028 1808 insectari
1049 1733 1190 1807 viderint
1220 1747 1280 1806 aut

145 1857 363 1955 suspicentur.
414 1856 532 1929 Nonne
558 1855 657 1954 igitur
687 1856 766 1928 mihi
788 1856 973 1930 timendum
998 1870 1048 1930 est
1078 1882 1120 1928 ne
1150 1855 1280 1929 libellos

146 1979 198 2053 illi
211 1979 378 2053 fastidiant
397 2005 460 2053 nec
481 1979 672 2079 inspiciant,
697 1980 776 2079 qui,
800 1979 927 2079 placide
951 2005 991 2052 sc
1012 1978 1124 2052 sedate
1145 1980 1277 2077 scripti,

146 2128 260 2203 pacem
287 2103 374 2177 alere
401 2104 546 2189 malunt,
571 2128 672 2201 quam
700 2103 786 2176 bella
807 2107 962 2192 excitare,
988 2127 1050 2174 nec
1073 2100 1200 2189 Seculi,
1226 2083 1279 2173 uel

146 2227 352 2301 dextrorsum
372 2228 424 2301 vel
453 2225 677 2299 sinistrorsum
701 2227 844 2316 ruentis,
877 2226 988 2300 sensui
1011 2225 1194 2324 studiisque
1218 2251 1281 2297 vo-

146 2376 217 2425 eem
243 2351 361 2425 callide
373 2364 590 2449 attemperare
616 2347 821 2422 didicerunt?
870 2352 992 2423 Verum
1014 2348 1093 2448 quid
1111 2348 1174 2436 alii,
1193 2373 1281 2446 quo-¹

145 2479 218 2548 rum
244 2475 277 2547 in
302 2498 421 2547 manus
446 2471 511 2545 bae
540 2471 688 2545 scidulas
706 2472 898 2558 inciderint,
930 2472 1047 2545 facturi
1072 2472 1154 2561 sint,
1187 2485 1280 2544 certo

147 2598 256 2671 dicere
272 2623 424 2697 nequeo:
448 2597 609 2669 neminem
635 2595 798 2686 enim'nos
815 2595 947 2694 quidem
960 2595 1199 2668 contemnimus
1217 2618 1281 2667 nec

46 2804 49 2810 ,
146 2718 350 2793 excludimus
373 2719 537 2793 lectorem.
584 2720 654 2814 'ssd
687 2721 866 2799 Vos-certe
892 2721 1078 2809 bominem,
1110 2744 1208 2819 quem
1236 2719 1282 2792 de

145 2842 301 2916 cathedra
326 2842 487 2917 dicentem
510 2867 609 2941 saepe
631 2842 821 2916 assiduitate
841 2850 950 2916 vestra
973 2857 1073 2941 atque
1091 2841 1280 2915 :attentione

145 2966 356 3055 sustinuistis,
374 2968 440 3063 jam
462 2965 503 3037 ad
528 2967 595 3038 Vos
611 2991 693 3064 prae
713 2967 861 3054 caeteris,
889 2967 980 3040 nullo
997 2964 1145 3056 ¹muneris
1168 2964 1283 3039 officio

145 3104 300 3188 cogente,
323 3089 520 3163 scribentem
540 3115 606 3162 non
620 3089 808 3189 despicietis
828 3116 889 3164 neo
902 3092 1016 3164 audire
1029 3089 1161 3163 noletis.
1188 3090 1277 3176 Vos,

65 3210 68 3214 ’
143 3212 171 3284 si
196 3237 280 3311 quae
301 3212 399 3283 datur
412 3213 650 3310 opportunitas,
664 3213 715 3286 'sic
738 3213 780 3286 ad
800 3214 979 3287 amicorum
1000 3214 1171 3287 lectionem
1197 3237 1283 3310 qua<

144 3337 325 3434 lescunque
349 3333 409 3407 has
432 3335 704 3442 commendabitis
721 3337 872 3435 paginas,
886 3351 937 3411 ’ut
960 3309 1128 3410 aucteiem
1152 3333 1279 3407 babere

144 3459 312 3532 affirmetis
324 3459 391 3532 reri
408 3458 689 3551 studiosissimum,
711 3460 963 3560 necquidquam
980 3458 1089 3550 facile,
1100 3457 1172 3529 nim
1185 3455 1279 3556 quod

54 3620 56 3624 ¹
144 3582 361 3657 meditationis
381 3582 596 3657 diuturnitate
618 3582 681 3656 sibi
700 3586 779 3656 satis
794 3585 969 3683 probatum
988 3579 1180 3668 crediderit,
1198 3578 1279 3652 elio-

144 3730 218 3777 rum
241 3704 373 3801 judiciis
396 3704 627 3777 excutiendum
647 3705 838 3781 tradentem.
865 3708 916 3778 Ac
936 3731 1036 3805 spero
1047 3704 1118 3776 lore
1137 3716 1174 3775 ut
1191 3726 1279 3788 non-

145 3826 235 3900 nulla
255 3840 346 3899 certe
373 3838 463 3900 recte
486 3841 585 3927 atque
608 3827 736 3901 utiliter
761 3833 792 3901 a'
814 3855 867 3902 me
898 3829 1064 3927 disputata
1094 3824 1277 3923 reperiatis.

124 3950 238 4037 'Quae
261 3975 354 4048 vere,
381 3950 423 4022 ab
452 3950 514 4023 hbe
534 3940 661 4024 tantum
681 3977 773 4038 voce,
795 3952 885 4026 tenui
912 3951 968 4024 illo
998 3964 1101 4051 atque
1129 3948 1275 4037 infirma,

145 4073 392 4167 commendata,
419 4074 515 4147 nimis
539 4076 633 4149 lacile
662 4075 706 4148 eb
732 4076 825 4149 aliter
843 4075 1050 4149 sentientium
1076 4071 1287 4145 clamoribus

144 4197 379 4286 obruerentur,
396 4199 433 4270 'a
459 4198 562 4271 Vobis
587 4224 666 4273 vero
700 4198 853 4273 disertius
886 4199 1047 4301 explicata
1078 4194 1282 4294 pleniusque

145 4317 293 4405 defensa,
326 4320 413 4391 bono
442 4318 573 4419 quidem
604 4345 680 4393 eum
711 4322 797 4408 Deo,
828 4346 893 4393 non
919 4321 1016 4419 plane
1040 4320 1131 4393 irrita
1155 4318 1275 4393 cadent

144 4466 206 4516 nec
228 4442 430 4518 infructuosa
458 4441 622 4540 peribunt.
1241 4464 1243 4469 ’
