<?xml version="1.0" encoding="UTF-8"?>
<!DOCTYPE html PUBLIC "-//W3C//DTD XHTML 1.0 Transitional//EN"
    "http://www.w3.org/TR/xhtml1/DTD/xhtml1-transitional.dtd">
<html xmlns="http://www.w3.org/1999/xhtml" xml:lang="en" lang="en">
 <head>
  <title>
</title>
<meta http-equiv="Content-Type" content="text/html;charset=utf-8" />
  <meta name='ocr-system' content='tesseract 3.04.00' />
  <meta name='ocr-capabilities' content='ocr_page ocr_carea ocr_par ocr_line ocrx_word'/>
</head>
<body>
  <div class='ocr_page' id='page_1' title='image "./chartaetheologi00boumgoog_0295.png"; bbox 0 0 2782 4958; ppageno 0'>
   <div class='ocr_carea' id='block_1_1' title="bbox 125 318 767 381">
    <p class='ocr_par' dir='ltr' id='par_1_1' title="bbox 125 318 767 381">
     <span class='ocr_line' id='line_1_1' title="bbox 125 318 767 381; baseline -0.011 -1"><span class='ocrx_word' id='word_1_1' title='bbox 125 318 166 381; x_wconf 66' lang='lat'><em>82</em></span> <span class='ocrx_word' id='word_1_2' title='bbox 618 332 767 376; x_wconf 67' lang='lat' dir='ltr'><em>uenenum</em></span> 
     </span>
    </p>
   </div>
   <div class='ocr_carea' id='block_1_2' title="bbox 130 495 1285 1827">
    <p class='ocr_par' dir='ltr' id='par_1_2' title="bbox 130 495 1285 1827">
     <span class='ocr_line' id='line_1_2' title="bbox 130 495 1242 594; baseline -0.004 -21"><span class='ocrx_word' id='word_1_3' title='bbox 130 514 162 574; x_wconf 91' lang='lat' dir='ltr'><em>et</em></span> <span class='ocrx_word' id='word_1_4' title='bbox 189 524 263 572; x_wconf 86' lang='lat' dir='ltr'><em>cunr</em></span> <span class='ocrx_word' id='word_1_5' title='bbox 298 498 433 571; x_wconf 92' lang='lat' dir='ltr'><em>aliorum</em></span> <span class='ocrx_word' id='word_1_6' title='bbox 466 509 631 569; x_wconf 90' lang='lat' dir='ltr'><em>contemtu</em></span> <span class='ocrx_word' id='word_1_7' title='bbox 666 498 805 594; x_wconf 58' lang='lat' dir='ltr'><em>jactare</em></span> <span class='ocrx_word' id='word_1_8' title='bbox 832 496 944 584; x_wconf 92' lang='lat' dir='ltr'><em>immo,</em></span> <span class='ocrx_word' id='word_1_9' title='bbox 978 495 1038 567; x_wconf 92' lang='lat' dir='ltr'><em>nisi</em></span> <span class='ocrx_word' id='word_1_10' title='bbox 1070 496 1242 569; x_wconf 71' lang='lat' dir='ltr'>necessitate</span> 
     </span>
     <span class='ocr_line' id='line_1_3' title="bbox 130 619 1285 723; baseline -0.006 -26"><span class='ocrx_word' id='word_1_11' title='bbox 130 624 238 723; x_wconf 79' lang='lat' dir='ltr'><em>aliqua</em></span> <span class='ocrx_word' id='word_1_12' title='bbox 262 636 414 720; x_wconf 90' lang='lat' dir='ltr'><em>urgente,</em></span> <span class='ocrx_word' id='word_1_13' title='bbox 436 647 475 693; x_wconf 93' lang='lat' dir='ltr'><em>ne</em></span> <span class='ocrx_word' id='word_1_14' title='bbox 499 645 679 693; x_wconf 90' lang='lat' dir='ltr'><em>memorare</em></span> <span class='ocrx_word' id='word_1_15' title='bbox 700 619 831 717; x_wconf 91' lang='lat' dir='ltr'><em>quidem</em></span> <span class='ocrx_word' id='word_1_16' title='bbox 856 645 963 718; x_wconf 90' lang='lat' dir='ltr'><em>neque</em></span> <span class='ocrx_word' id='word_1_17' title='bbox 983 620 1151 716; x_wconf 88' lang='lat' dir='ltr'><em>attingere.</em></span> <span class='ocrx_word' id='word_1_18' title='bbox 1176 621 1244 692; x_wconf 86' lang='lat' dir='ltr'><em>Tun·</em></span> <span class='ocrx_word' id='word_1_19' title='bbox 1283 700 1285 721; x_wconf 33' lang='grc' dir='ltr'><strong>ι</strong></span> 
     </span>
     <span class='ocr_line' id='line_1_4' title="bbox 130 741 1285 840; baseline -0.004 -22"><span class='ocrx_word' id='word_1_20' title='bbox 130 746 213 832; x_wconf 88' lang='lat' dir='ltr'><em>vita,</em></span> <span class='ocrx_word' id='word_1_21' title='bbox 240 743 374 840; x_wconf 84' lang='lat' dir='ltr'><em>simplem</em></span> <span class='ocrx_word' id='word_1_22' title='bbox 398 744 561 815; x_wconf 73' lang='lat' dir='ltr'><em>munditiis</em></span> <span class='ocrx_word' id='word_1_23' title='bbox 580 743 652 832; x_wconf 90' lang='lat' dir='ltr'><em>illa,</em></span> <span class='ocrx_word' id='word_1_24' title='bbox 676 744 813 815; x_wconf 80' lang='lat' dir='ltr'><em>intanta</em></span> <span class='ocrx_word' id='word_1_25' title='bbox 834 768 942 816; x_wconf 89' lang='lat' dir='ltr'><em>rorum</em></span> <span class='ocrx_word' id='word_1_26' title='bbox 962 743 1108 816; x_wconf 91' lang='lat' dir='ltr'><em>omnium</em></span> <span class='ocrx_word' id='word_1_27' title='bbox 1130 741 1243 814; x_wconf 88' lang='lat' dir='ltr'><em>allluen·</em></span> <span class='ocrx_word' id='word_1_28' title='bbox 1282 754 1285 767; x_wconf 91' lang='grc'><strong>’</strong></span> 
     </span>
     <span class='ocr_line' id='line_1_5' title="bbox 131 865 1242 964; baseline -0.004 -24"><span class='ocrx_word' id='word_1_29' title='bbox 131 867 194 954; x_wconf 82' lang='lat' dir='ltr'><em>tia,</em></span> <span class='ocrx_word' id='word_1_30' title='bbox 221 869 378 964; x_wconf 82' lang='lat' dir='ltr'><em>majorum</em></span> <span class='ocrx_word' id='word_1_31' title='bbox 406 869 515 964; x_wconf 90' lang='lat' dir='ltr'><em>potius</em></span> <span class='ocrx_word' id='word_1_32' title='bbox 543 866 751 939; x_wconf 89' lang='lat' dir='ltr'><em>sobrietatem</em></span> <span class='ocrx_word' id='word_1_33' title='bbox 779 866 941 953; x_wconf 78' lang='lat' dir='ltr'><em>reterens,</em></span> <span class='ocrx_word' id='word_1_34' title='bbox 965 891 1065 964; x_wconf 91' lang='lat' dir='ltr'><em>quam</em></span> <span class='ocrx_word' id='word_1_35' title='bbox 1096 865 1136 938; x_wconf 94' lang='lat' dir='ltr'><em>ad</em></span> <span class='ocrx_word' id='word_1_36' title='bbox 1160 865 1242 938; x_wconf 88' lang='lat' dir='ltr'><em>seculi</em></span> 
     </span>
     <span class='ocr_line' id='line_1_6' title="bbox 132 988 1239 1088; baseline -0.005 -26"><span class='ocrx_word' id='word_1_37' title='bbox 132 991 244 1063; x_wconf 85' lang='lat' dir='ltr'><em>luxum</em></span> <span class='ocrx_word' id='word_1_38' title='bbox 272 1003 371 1088; x_wconf 89' lang='lat' dir='ltr'><em>atque</em></span> <span class='ocrx_word' id='word_1_39' title='bbox 402 989 599 1087; x_wconf 83' lang='lat' dir='ltr'>opulentiam</span> <span class='ocrx_word' id='word_1_40' title='bbox 627 989 814 1086; x_wconf 89' lang='lat' dir='ltr'><em>composita.</em></span> <span class='ocrx_word' id='word_1_41' title='bbox 867 988 1028 1073; x_wconf 85' lang='lat' dir='ltr'><strong>Tandem,</strong></span> <span class='ocrx_word' id='word_1_42' title='bbox 1056 988 1155 1061; x_wconf 87' lang='lat' dir='ltr'><em>solam</em></span> <span class='ocrx_word' id='word_1_43' title='bbox 1179 1002 1239 1058; x_wconf 88' lang='lat' dir='ltr'><em>ten·</em></span> 
     </span>
     <span class='ocr_line' id='line_1_7' title="bbox 131 1111 1237 1211; baseline -0.004 -27"><span class='ocrx_word' id='word_1_44' title='bbox 131 1115 217 1211; x_wconf 85' lang='lat' dir='ltr'><em>poris</em></span> <span class='ocrx_word' id='word_1_45' title='bbox 242 1137 343 1210; x_wconf 91' lang='lat' dir='ltr'><em>quum</em></span> <span class='ocrx_word' id='word_1_46' title='bbox 372 1113 529 1184; x_wconf 73' lang='lat' dir='ltr'><em>honestam</em></span> <span class='ocrx_word' id='word_1_47' title='bbox 557 1113 691 1185; x_wconf 88' lang='lat' dir='ltr'><em>duceret</em></span> <span class='ocrx_word' id='word_1_48' title='bbox 716 1113 907 1199; x_wconf 84' lang='lat' dir='ltr'><em>auaritiam,</em></span> <span class='ocrx_word' id='word_1_49' title='bbox 932 1111 1108 1184; x_wconf 68' lang='lat' dir='ltr'><em>familiares</em></span> <span class='ocrx_word' id='word_1_50' title='bbox 1132 1111 1237 1209; x_wconf 91' lang='lat' dir='ltr'><em>quiden</em></span> 
     </span>
     <span class='ocr_line' id='line_1_8' title="bbox 133 1233 1236 1334; baseline -0.005 -26"><span class='ocrx_word' id='word_1_51' title='bbox 133 1236 337 1332; x_wconf 86' lang='lat' dir='ltr'><em>Collegarum</em></span> <span class='ocrx_word' id='word_1_52' title='bbox 365 1235 570 1334; x_wconf 86' lang='lat' dir='ltr'><em>aliorumque</em></span> <span class='ocrx_word' id='word_1_53' title='bbox 596 1238 747 1307; x_wconf 83' lang='lat' dir='ltr'><em>Virorum</em></span> <span class='ocrx_word' id='word_1_54' title='bbox 775 1234 944 1308; x_wconf 92' lang='lat' dir='ltr'><em>doctorum</em></span> <span class='ocrx_word' id='word_1_55' title='bbox 971 1260 1158 1321; x_wconf 87' lang='lat' dir='ltr'><em>consessus,</em></span> <span class='ocrx_word' id='word_1_56' title='bbox 1182 1233 1236 1332; x_wconf 90' lang='lat' dir='ltr'><em>qui·</em></span> 
     </span>
     <span class='ocr_line' id='line_1_9' title="bbox 134 1358 1236 1457; baseline -0.004 -26"><span class='ocrx_word' id='word_1_57' title='bbox 134 1359 197 1431; x_wconf 90' lang='lat' dir='ltr'><em>bus</em></span> <span class='ocrx_word' id='word_1_58' title='bbox 217 1359 363 1430; x_wconf 72' lang='lat' dir='ltr'><em>utilitatis</em></span> <span class='ocrx_word' id='word_1_59' title='bbox 381 1359 507 1431; x_wconf 79' lang='lat' dir='ltr'><em>fructus</em></span> <span class='ocrx_word' id='word_1_60' title='bbox 527 1359 643 1457; x_wconf 90' lang='lat' dir='ltr'><em>aliquis</em></span> <span class='ocrx_word' id='word_1_61' title='bbox 664 1359 851 1457; x_wconf 91' lang='lat' dir='ltr'><em>propositus</em></span> <span class='ocrx_word' id='word_1_62' title='bbox 869 1372 949 1442; x_wconf 91' lang='lat' dir='ltr'><em>erat,</em></span> <span class='ocrx_word' id='word_1_63' title='bbox 968 1358 1148 1455; x_wconf 90' lang='lat' dir='ltr'><em>quaerebat</em></span> <span class='ocrx_word' id='word_1_64' title='bbox 1164 1370 1236 1454; x_wconf 89' lang='lat' dir='ltr'><em>atque</em></span> 
     </span>
     <span class='ocr_line' id='line_1_10' title="bbox 135 1481 1234 1581; baseline -0.004 -27"><span class='ocrx_word' id='word_1_65' title='bbox 135 1481 328 1579; x_wconf 69' lang='lat' dir='ltr'><em>appetebat,</em></span> <span class='ocrx_word' id='word_1_66' title='bbox 360 1481 416 1553; x_wconf 92' lang='lat' dir='ltr'><em>sed</em></span> <span class='ocrx_word' id='word_1_67' title='bbox 450 1482 538 1554; x_wconf 90' lang='lat' dir='ltr'><em>lauta</em></span> <span class='ocrx_word' id='word_1_68' title='bbox 563 1484 709 1554; x_wconf 87' lang='lat' dir='ltr'><em>convivia</em></span> <span class='ocrx_word' id='word_1_69' title='bbox 738 1497 771 1555; x_wconf 92' lang='lat' dir='ltr'><em>et</em></span> <span class='ocrx_word' id='word_1_70' title='bbox 799 1483 922 1581; x_wconf 90' lang='lat' dir='ltr'><em>opima,</em></span> <span class='ocrx_word' id='word_1_71' title='bbox 957 1483 1081 1580; x_wconf 90' lang='lat' dir='ltr'><em>quibus</em></span> <span class='ocrx_word' id='word_1_72' title='bbox 1103 1484 1134 1553; x_wconf 92' lang='lat' dir='ltr'><em>in</em></span> <span class='ocrx_word' id='word_1_73' title='bbox 1156 1503 1234 1552; x_wconf 87' lang='lat' dir='ltr'><em>seran</em></span> 
     </span>
     <span class='ocr_line' id='line_1_11' title="bbox 136 1601 1234 1703; baseline -0.004 -26"><span class='ocrx_word' id='word_1_74' title='bbox 136 1620 263 1678; x_wconf 89' lang='lat' dir='ltr'><em>noctem</em></span> <span class='ocrx_word' id='word_1_75' title='bbox 288 1608 460 1703; x_wconf 83' lang='lat' dir='ltr'><em>protractis</em></span> <span class='ocrx_word' id='word_1_76' title='bbox 480 1609 580 1680; x_wconf 90' lang='lat' dir='ltr'><em>otium</em></span> <span class='ocrx_word' id='word_1_77' title='bbox 606 1606 752 1679; x_wconf 80' lang='lat' dir='ltr'><em>fallentes</em></span> <span class='ocrx_word' id='word_1_78' title='bbox 776 1632 838 1678; x_wconf 88' lang='lat' dir='ltr'><em>non</em></span> <span class='ocrx_word' id='word_1_79' title='bbox 864 1631 986 1701; x_wconf 90' lang='lat' dir='ltr'><em>paucos</em></span> <span class='ocrx_word' id='word_1_80' title='bbox 1010 1603 1141 1678; x_wconf 89' lang='lat' dir='ltr'><em>videbat</em></span> <span class='ocrx_word' id='word_1_81' title='bbox 1161 1601 1234 1675; x_wconf 88' lang='lat' dir='ltr'><em>boni·</em></span> 
     </span>
     <span class='ocr_line' id='line_1_12' title="bbox 137 1727 1059 1827; baseline 0.001 -27"><span class='ocrx_word' id='word_1_82' title='bbox 137 1752 195 1801; x_wconf 89' lang='lat' dir='ltr'><em>nes</em></span> <span class='ocrx_word' id='word_1_83' title='bbox 220 1728 458 1827; x_wconf 86' lang='lat' dir='ltr'><em>opulentiores,</em></span> <span class='ocrx_word' id='word_1_84' title='bbox 486 1730 698 1802; x_wconf 84' lang='lat' dir='ltr'><em>aversabatur</em></span> <span class='ocrx_word' id='word_1_85' title='bbox 723 1730 791 1827; x_wconf 91' lang='lat' dir='ltr'><em>ipse</em></span> <span class='ocrx_word' id='word_1_86' title='bbox 815 1755 853 1800; x_wconf 93' lang='lat' dir='ltr'><em>ac</em></span> <span class='ocrx_word' id='word_1_87' title='bbox 873 1727 1059 1826; x_wconf 90' lang='lat' dir='ltr'><em>respuebat.</em></span> 
     </span>
    </p>
   </div>
   <div class='ocr_carea' id='block_1_3' title="bbox 137 1972 1285 4282">
    <p class='ocr_par' dir='ltr' id='par_1_3' title="bbox 137 1972 1285 4282">
     <span class='ocr_line' id='line_1_13' title="bbox 185 1972 1237 2071; baseline -0.004 -26"><span class='ocrx_word' id='word_1_88' title='bbox 185 1975 237 2045; x_wconf 91' lang='lat' dir='ltr'><em>Sic</em></span> <span class='ocrx_word' id='word_1_89' title='bbox 267 1975 366 2071; x_wconf 89' lang='lat' dir='ltr'><em>igitur</em></span> <span class='ocrx_word' id='word_1_90' title='bbox 398 1974 482 2046; x_wconf 88' lang='lat' dir='ltr'><em>bonis</em></span> <span class='ocrx_word' id='word_1_91' title='bbox 515 1976 549 2045; x_wconf 89' lang='lat' dir='ltr'><em>in</em></span> <span class='ocrx_word' id='word_1_92' title='bbox 582 1974 671 2045; x_wconf 87' lang='lat' dir='ltr'><em>rebus</em></span> <span class='ocrx_word' id='word_1_93' title='bbox 704 1974 743 2046; x_wconf 88' lang='lat' dir='ltr'><em>ob</em></span> <span class='ocrx_word' id='word_1_94' title='bbox 775 1975 919 2046; x_wconf 80' lang='lat' dir='ltr'><em>insolenti</em></span> <span class='ocrx_word' id='word_1_95' title='bbox 944 1972 1175 2070; x_wconf 83' lang='lat' dir='ltr'><em>temperandum</em></span> <span class='ocrx_word' id='word_1_96' title='bbox 1197 1993 1237 2041; x_wconf 83' lang='lat' dir='ltr'><em>nst</em></span> 
     </span>
     <span class='ocr_line' id='line_1_14' title="bbox 138 2092 1238 2195; baseline -0.004 -29"><span class='ocrx_word' id='word_1_97' title='bbox 138 2095 270 2184; x_wconf 84' lang='lat' dir='ltr'><em>loetitid,</em></span> <span class='ocrx_word' id='word_1_98' title='bbox 294 2097 437 2168; x_wconf 91' lang='lat' dir='ltr'><em>omnium</em></span> <span class='ocrx_word' id='word_1_99' title='bbox 465 2098 642 2169; x_wconf 90' lang='lat' dir='ltr'><em>imitatione</em></span> <span class='ocrx_word' id='word_1_100' title='bbox 672 2097 859 2195; x_wconf 91' lang='lat' dir='ltr'><em>dignissimo</em></span> <span class='ocrx_word' id='word_1_101' title='bbox 890 2123 949 2168; x_wconf 92' lang='lat' dir='ltr'><em>nos</em></span> <span class='ocrx_word' id='word_1_102' title='bbox 979 2097 1092 2170; x_wconf 89' lang='lat' dir='ltr'><em>docuit</em></span> <span class='ocrx_word' id='word_1_103' title='bbox 1120 2092 1238 2191; x_wconf 81' lang='lat' dir='ltr'><em>exemplo</em></span> 
     </span>
     <span class='ocr_line' id='line_1_15' title="bbox 137 2217 1240 2318; baseline -0.007 -26"><span class='ocrx_word' id='word_1_104' title='bbox 137 2220 279 2318; x_wconf 83' lang='lat' dir='ltr'><em>Collega.</em></span> <span class='ocrx_word' id='word_1_105' title='bbox 317 2223 439 2294; x_wconf 87' lang='lat' dir='ltr'><em>Verum</em></span> <span class='ocrx_word' id='word_1_106' title='bbox 462 2247 524 2293; x_wconf 92' lang='lat' dir='ltr'><em>non</em></span> <span class='ocrx_word' id='word_1_107' title='bbox 550 2227 656 2293; x_wconf 91' lang='lat' dir='ltr'><em>minus</em></span> <span class='ocrx_word' id='word_1_108' title='bbox 678 2221 769 2292; x_wconf 85' lang='lat' dir='ltr'><em>uirili</em></span> <span class='ocrx_word' id='word_1_109' title='bbox 788 2221 968 2293; x_wconf 77' lang='lat' dir='ltr'><em>constantia</em></span> <span class='ocrx_word' id='word_1_110' title='bbox 991 2219 1082 2290; x_wconf 75' lang='lat' dir='ltr'><em>robers</em></span> <span class='ocrx_word' id='word_1_111' title='bbox 1101 2220 1135 2288; x_wconf 86' lang='lat' dir='ltr'><em>in</em></span> <span class='ocrx_word' id='word_1_112' title='bbox 1158 2217 1240 2290; x_wconf 86' lang='lat' dir='ltr'><em>ordnit</em></span> 
     </span>
     <span class='ocr_line' id='line_1_16' title="bbox 138 2337 1242 2442; baseline -0.005 -27"><span class='ocrx_word' id='word_1_113' title='bbox 138 2368 270 2442; x_wconf 84' lang='lat' dir='ltr'><em>aequam</em></span> <span class='ocrx_word' id='word_1_114' title='bbox 305 2369 432 2416; x_wconf 86' lang='lat' dir='ltr'><em>seruare</em></span> <span class='ocrx_word' id='word_1_115' title='bbox 458 2345 598 2415; x_wconf 77' lang='lat' dir='ltr'><em>meminit</em></span> <span class='ocrx_word' id='word_1_116' title='bbox 631 2359 770 2416; x_wconf 88' lang='lat' dir='ltr'><em>mentem.</em></span> <span class='ocrx_word' id='word_1_117' title='bbox 821 2346 903 2415; x_wconf 87' lang='lat' dir='ltr'><em>Esto</em></span> <span class='ocrx_word' id='word_1_118' title='bbox 931 2368 1028 2431; x_wconf 91' lang='lat' dir='ltr'><em>sane,</em></span> <span class='ocrx_word' id='word_1_119' title='bbox 1062 2341 1118 2414; x_wconf 93' lang='lat' dir='ltr'><em>diu</em></span> <span class='ocrx_word' id='word_1_120' title='bbox 1150 2337 1242 2413; x_wconf 85' lang='lat' dir='ltr'><em>blande</em></span> 
     </span>
     <span class='ocr_line' id='line_1_17' title="bbox 138 2463 1241 2566; baseline -0.005 -27"><span class='ocrx_word' id='word_1_121' title='bbox 138 2466 332 2539; x_wconf 88' lang='lat' dir='ltr'><em>arridentem</em></span> <span class='ocrx_word' id='word_1_122' title='bbox 363 2493 437 2541; x_wconf 91' lang='lat' dir='ltr'><em>eum</em></span> <span class='ocrx_word' id='word_1_123' title='bbox 469 2468 623 2540; x_wconf 90' lang='lat' dir='ltr'><em>habuisse</em></span> <span class='ocrx_word' id='word_1_124' title='bbox 653 2482 685 2539; x_wconf 94' lang='lat' dir='ltr'><em>et</em></span> <span class='ocrx_word' id='word_1_125' title='bbox 720 2469 912 2566; x_wconf 89' lang='lat' dir='ltr'><em>plerumque</em></span> <span class='ocrx_word' id='word_1_126' title='bbox 940 2468 1113 2564; x_wconf 90' lang='lat' dir='ltr'><em>propitiam</em></span> <span class='ocrx_word' id='word_1_127' title='bbox 1148 2463 1241 2562; x_wconf 88' lang='lat' dir='ltr'><em>magis,</em></span> 
     </span>
     <span class='ocr_line' id='line_1_18' title="bbox 139 2585 1243 2689; baseline -0.005 -28"><span class='ocrx_word' id='word_1_128' title='bbox 139 2615 237 2686; x_wconf 88' lang='lat' dir='ltr'><em>quam</em></span> <span class='ocrx_word' id='word_1_129' title='bbox 268 2590 455 2677; x_wconf 89' lang='lat' dir='ltr'><em>adversam,</em></span> <span class='ocrx_word' id='word_1_130' title='bbox 480 2592 667 2662; x_wconf 88' lang='lat' dir='ltr'><em>Fortunam.</em></span> <span class='ocrx_word' id='word_1_131' title='bbox 719 2593 764 2661; x_wconf 85' lang='lat' dir='ltr'><em>At</em></span> <span class='ocrx_word' id='word_1_132' title='bbox 799 2603 922 2689; x_wconf 87' lang='lat' dir='ltr'><em>quanto</em></span> <span class='ocrx_word' id='word_1_133' title='bbox 952 2602 984 2661; x_wconf 91' lang='lat' dir='ltr'><em>et</em></span> <span class='ocrx_word' id='word_1_134' title='bbox 1016 2615 1115 2688; x_wconf 89' lang='lat' dir='ltr'><em>quam</em></span> <span class='ocrx_word' id='word_1_135' title='bbox 1151 2585 1243 2660; x_wconf 87' lang='lat' dir='ltr'><em>acerbo</em></span> 
     </span>
     <span class='ocr_line' id='line_1_19' title="bbox 139 2706 1285 2817; baseline -0.006 -34"><span class='ocrx_word' id='word_1_136' title='bbox 139 2737 308 2796; x_wconf 91' lang='lat' dir='ltr'><em>moerore,</em></span> <span class='ocrx_word' id='word_1_137' title='bbox 343 2713 418 2784; x_wconf 90' lang='lat' dir='ltr'><em>anni</em></span> <span class='ocrx_word' id='word_1_138' title='bbox 454 2715 547 2789; x_wconf 76' lang='grc'><em>1832</em></span> <span class='ocrx_word' id='word_1_139' title='bbox 581 2726 758 2798; x_wconf 89' lang='lat' dir='ltr'><em>autumno,</em></span> <span class='ocrx_word' id='word_1_140' title='bbox 786 2738 860 2784; x_wconf 93' lang='lat' dir='ltr'><em>eum</em></span> <span class='ocrx_word' id='word_1_141' title='bbox 894 2712 1123 2784; x_wconf 86' lang='lat' dir='ltr'><em>dilectissimae</em></span> <span class='ocrx_word' id='word_1_142' title='bbox 1153 2706 1244 2782; x_wconf 83' lang='lat' dir='ltr'><em>Uxoris</em></span> <span class='ocrx_word' id='word_1_143' title='bbox 1283 2752 1285 2817; x_wconf 47' lang='grc' dir='ltr'><strong>ἓ</strong></span> 
     </span>
     <span class='ocr_line' id='line_1_20' title="bbox 140 2833 1246 2931; baseline -0.002 -28"><span class='ocrx_word' id='word_1_144' title='bbox 140 2833 481 2906; x_wconf 80' lang='lat' dir='ltr'><em>Hendrilrseniae</em></span> <span class='ocrx_word' id='word_1_145' title='bbox 504 2834 705 2907; x_wconf 90' lang='lat' dir='ltr'><em>tristissimus</em></span> <span class='ocrx_word' id='word_1_146' title='bbox 730 2833 873 2906; x_wconf 87' lang='lat' dir='ltr'><em>affecerit</em></span> <span class='ocrx_word' id='word_1_147' title='bbox 898 2849 930 2907; x_wconf 92' lang='lat' dir='ltr'><em>et</em></span> <span class='ocrx_word' id='word_1_148' title='bbox 956 2849 1201 2931; x_wconf 87' lang='lat' dir='ltr'><em>praematurus,</em></span> <span class='ocrx_word' id='word_1_149' title='bbox 1220 2843 1246 2903; x_wconf 90' lang='lat' dir='ltr'><em>ut</em></span> 
     </span>
     <span class='ocr_line' id='line_1_21' title="bbox 140 2956 1247 3054; baseline -0.003 -27"><span class='ocrx_word' id='word_1_150' title='bbox 140 2957 234 3028; x_wconf 91' lang='lat' dir='ltr'><em>nobis</em></span> <span class='ocrx_word' id='word_1_151' title='bbox 255 2956 443 3045; x_wconf 85' lang='lat' dir='ltr'><em>videbatur,</em></span> <span class='ocrx_word' id='word_1_152' title='bbox 462 2957 587 3046; x_wconf 92' lang='lat' dir='ltr'><em>obitus,</em></span> <span class='ocrx_word' id='word_1_153' title='bbox 611 2958 787 3045; x_wconf 90' lang='lat' dir='ltr'><em>neminem,</em></span> <span class='ocrx_word' id='word_1_154' title='bbox 809 2957 861 3029; x_wconf 93' lang='lat' dir='ltr'><em>cui</em></span> <span class='ocrx_word' id='word_1_155' title='bbox 880 2957 1031 3031; x_wconf 90' lang='lat' dir='ltr'><em>luctuoso</em></span> <span class='ocrx_word' id='word_1_156' title='bbox 1048 2958 1105 3029; x_wconf 92' lang='lat' dir='ltr'><em>illo</em></span> <span class='ocrx_word' id='word_1_157' title='bbox 1125 2970 1247 3054; x_wconf 89' lang='lat' dir='ltr'><em>tempore</em></span> 
     </span>
     <span class='ocr_line' id='line_1_22' title="bbox 141 3079 1247 3179; baseline -0.005 -29"><span class='ocrx_word' id='word_1_158' title='bbox 141 3079 261 3179; x_wconf 89' lang='lat' dir='ltr'><em>aliquid</em></span> <span class='ocrx_word' id='word_1_159' title='bbox 280 3105 355 3152; x_wconf 91' lang='lat' dir='ltr'><em>cum</em></span> <span class='ocrx_word' id='word_1_160' title='bbox 373 3081 426 3152; x_wconf 94' lang='lat' dir='ltr'><em>illo</em></span> <span class='ocrx_word' id='word_1_161' title='bbox 443 3080 667 3153; x_wconf 79' lang='lat' dir='ltr'><em>familiaritatis</em></span> <span class='ocrx_word' id='word_1_162' title='bbox 683 3079 920 3166; x_wconf 86' lang='lat' dir='ltr'><em>intercesserit,</em></span> <span class='ocrx_word' id='word_1_163' title='bbox 942 3080 1093 3177; x_wconf 91' lang='lat' dir='ltr'><em>ignorare</em></span> <span class='ocrx_word' id='word_1_164' title='bbox 1114 3080 1247 3153; x_wconf 85' lang='lat' dir='ltr'><em>existimo.</em></span> 
     </span>
     <span class='ocr_line' id='line_1_23' title="bbox 140 3201 1246 3302; baseline -0.002 -29"><span class='ocrx_word' id='word_1_165' title='bbox 140 3203 214 3287; x_wconf 87' lang='lat' dir='ltr'><em>Quo</em></span> <span class='ocrx_word' id='word_1_166' title='bbox 236 3227 314 3274; x_wconf 90' lang='lat' dir='ltr'><em>sane</em></span> <span class='ocrx_word' id='word_1_167' title='bbox 339 3204 410 3298; x_wconf 85' lang='lat' dir='ltr'><em>ejus</em></span> <span class='ocrx_word' id='word_1_168' title='bbox 430 3201 542 3274; x_wconf 89' lang='lat' dir='ltr'><em>dolore</em></span> <span class='ocrx_word' id='word_1_169' title='bbox 567 3202 644 3274; x_wconf 91' lang='lat' dir='ltr'><em>nihil</em></span> <span class='ocrx_word' id='word_1_170' title='bbox 666 3229 809 3301; x_wconf 91' lang='lat' dir='ltr'><em>unquam</em></span> <span class='ocrx_word' id='word_1_171' title='bbox 829 3205 949 3301; x_wconf 84' lang='lat' dir='ltr'><em>justius</em></span> <span class='ocrx_word' id='word_1_172' title='bbox 971 3229 1043 3276; x_wconf 91' lang='lat' dir='ltr'><em>esse</em></span> <span class='ocrx_word' id='word_1_173' title='bbox 1065 3206 1179 3302; x_wconf 92' lang='lat' dir='ltr'><em>potuit.</em></span> <span class='ocrx_word' id='word_1_174' title='bbox 1204 3203 1246 3274; x_wconf 80' lang='lat' dir='ltr'><em>lle</em></span> 
     </span>
     <span class='ocr_line' id='line_1_24' title="bbox 139 3325 1246 3423; baseline -0.002 -26"><span class='ocrx_word' id='word_1_175' title='bbox 139 3327 270 3399; x_wconf 87' lang='lat' dir='ltr'><em>functae</em></span> <span class='ocrx_word' id='word_1_176' title='bbox 292 3327 377 3398; x_wconf 89' lang='lat' dir='ltr'><em>enim</em></span> <span class='ocrx_word' id='word_1_177' title='bbox 403 3329 515 3398; x_wconf 79' lang='lat' dir='ltr'><em>uxoris</em></span> <span class='ocrx_word' id='word_1_178' title='bbox 534 3327 696 3421; x_wconf 81' lang='lat' dir='ltr'><em>ingenium</em></span> <span class='ocrx_word' id='word_1_179' title='bbox 723 3326 963 3398; x_wconf 89' lang='lat' dir='ltr'><em>amantissimus</em></span> <span class='ocrx_word' id='word_1_180' title='bbox 982 3341 1180 3423; x_wconf 88' lang='lat' dir='ltr'><em>cognoverat</em></span> <span class='ocrx_word' id='word_1_181' title='bbox 1195 3325 1246 3398; x_wconf 88' lang='lat' dir='ltr'><em>bla-</em></span> 
     </span>
     <span class='ocr_line' id='line_1_25' title="bbox 138 3447 1247 3547; baseline -0.005 -27"><span class='ocrx_word' id='word_1_182' title='bbox 138 3447 223 3520; x_wconf 87' lang='lat' dir='ltr'><em>ritus</em></span> <span class='ocrx_word' id='word_1_183' title='bbox 240 3448 393 3519; x_wconf 89' lang='lat' dir='ltr'><em>omnibus</em></span> <span class='ocrx_word' id='word_1_184' title='bbox 411 3447 449 3519; x_wconf 89' lang='lat' dir='ltr'><em>iis</em></span> <span class='ocrx_word' id='word_1_185' title='bbox 465 3447 629 3519; x_wconf 85' lang='lat' dir='ltr'><em>excultum</em></span> <span class='ocrx_word' id='word_1_186' title='bbox 648 3448 782 3536; x_wconf 91' lang='lat' dir='ltr'><em>artibus,</em></span> <span class='ocrx_word' id='word_1_187' title='bbox 802 3473 821 3520; x_wconf 90' lang='lat' dir='ltr'><em>a</em></span> <span class='ocrx_word' id='word_1_188' title='bbox 837 3449 959 3547; x_wconf 90' lang='lat' dir='ltr'><em>quibus</em></span> <span class='ocrx_word' id='word_1_189' title='bbox 975 3448 1247 3547; x_wconf 87' lang='lat' dir='ltr'><em>praestantissime</em></span> 
     </span>
     <span class='ocr_line' id='line_1_26' title="bbox 140 3571 1247 3671; baseline -0.004 -29"><span class='ocrx_word' id='word_1_190' title='bbox 140 3596 291 3670; x_wconf 90' lang='lat' dir='ltr'><em>quaeque</em></span> <span class='ocrx_word' id='word_1_191' title='bbox 308 3572 421 3642; x_wconf 89' lang='lat' dir='ltr'><em>merito</em></span> <span class='ocrx_word' id='word_1_192' title='bbox 438 3571 614 3644; x_wconf 89' lang='lat' dir='ltr'><em>laudantur</em></span> <span class='ocrx_word' id='word_1_193' title='bbox 632 3572 798 3658; x_wconf 91' lang='lat' dir='ltr'><em>mulieres;</em></span> <span class='ocrx_word' id='word_1_194' title='bbox 821 3573 963 3643; x_wconf 90' lang='lat' dir='ltr'><em>animum</em></span> <span class='ocrx_word' id='word_1_195' title='bbox 986 3571 1030 3643; x_wconf 86' lang='lat' dir='ltr'><em>ita</em></span> <span class='ocrx_word' id='word_1_196' title='bbox 1053 3572 1095 3644; x_wconf 92' lang='lat' dir='ltr'><em>ad</em></span> <span class='ocrx_word' id='word_1_197' title='bbox 1119 3572 1247 3671; x_wconf 86' lang='lat' dir='ltr'><em>pietaten</em></span> 
     </span>
     <span class='ocr_line' id='line_1_27' title="bbox 140 3693 1248 3794; baseline -0.001 -31"><span class='ocrx_word' id='word_1_198' title='bbox 140 3693 349 3766; x_wconf 87' lang='lat' dir='ltr'><em>informatum</em></span> <span class='ocrx_word' id='word_1_199' title='bbox 374 3720 413 3766; x_wconf 91' lang='lat' dir='ltr'><em>ac</em></span> <span class='ocrx_word' id='word_1_200' title='bbox 435 3696 667 3793; x_wconf 90' lang='lat' dir='ltr'><em>compositum,</em></span> <span class='ocrx_word' id='word_1_201' title='bbox 696 3709 746 3782; x_wconf 92' lang='lat' dir='ltr'><em>ut,</em></span> <span class='ocrx_word' id='word_1_202' title='bbox 774 3721 870 3794; x_wconf 90' lang='lat' dir='ltr'><em>quam</em></span> <span class='ocrx_word' id='word_1_203' title='bbox 904 3696 998 3767; x_wconf 91' lang='lat' dir='ltr'><em>morti</em></span> <span class='ocrx_word' id='word_1_204' title='bbox 1023 3695 1171 3793; x_wconf 83' lang='lat' dir='ltr'><em>proxima</em></span> <span class='ocrx_word' id='word_1_205' title='bbox 1191 3715 1248 3793; x_wconf 57' lang='lat' dir='ltr'><em>pro*</em></span> 
     </span>
     <span class='ocr_line' id='line_1_28' title="bbox 141 3805 1248 3915; baseline -0.002 -30"><span class='ocrx_word' id='word_1_206' title='bbox 141 3812 239 3886; x_wconf 90' lang='lat' dir='ltr'><em>debat</em></span> <span class='ocrx_word' id='word_1_207' title='bbox 269 3817 300 3887; x_wconf 91' lang='lat' dir='ltr'><em>in</em></span> <span class='ocrx_word' id='word_1_208' title='bbox 327 3805 396 3888; x_wconf 87' lang='lat' dir='ltr'><em>Deo</em></span> <span class='ocrx_word' id='word_1_209' title='bbox 419 3817 615 3914; x_wconf 86' lang='lat' dir='ltr'><em>Christoque</em></span> <span class='ocrx_word' id='word_1_210' title='bbox 641 3819 813 3914; x_wconf 90' lang='lat' dir='ltr'><em>repositam</em></span> <span class='ocrx_word' id='word_1_211' title='bbox 842 3816 1013 3905; x_wconf 87' lang='lat' dir='ltr'><em>fiduciam,</em></span> <span class='ocrx_word' id='word_1_212' title='bbox 1040 3818 1138 3915; x_wconf 91' lang='lat' dir='ltr'><em>plane</em></span> <span class='ocrx_word' id='word_1_213' title='bbox 1161 3826 1248 3911; x_wconf 89' lang='lat' dir='ltr'><em>singu·</em></span> 
     </span>
     <span class='ocr_line' id='line_1_29' title="bbox 141 3937 1248 4038; baseline 0 -30"><span class='ocrx_word' id='word_1_214' title='bbox 141 3937 239 4009; x_wconf 89' lang='lat' dir='ltr'><em>larem</em></span> <span class='ocrx_word' id='word_1_215' title='bbox 274 3938 358 4010; x_wconf 85' lang='lat' dir='ltr'><em>illam</em></span> <span class='ocrx_word' id='word_1_216' title='bbox 394 3955 492 4038; x_wconf 90' lang='lat' dir='ltr'><em>atque</em></span> <span class='ocrx_word' id='word_1_217' title='bbox 518 3941 687 4029; x_wconf 74' lang='lat' dir='ltr'><em>heroicam,</em></span> <span class='ocrx_word' id='word_1_218' title='bbox 715 3965 753 4013; x_wconf 93' lang='lat' dir='ltr'><em>ea</em></span> <span class='ocrx_word' id='word_1_219' title='bbox 784 3941 946 4028; x_wconf 91' lang='lat' dir='ltr'><em>omnium,</em></span> <span class='ocrx_word' id='word_1_220' title='bbox 975 3943 1030 4038; x_wconf 91' lang='lat' dir='ltr'><em>qui</em></span> <span class='ocrx_word' id='word_1_221' title='bbox 1057 3940 1099 4013; x_wconf 89' lang='lat' dir='ltr'><em>ad</em></span> <span class='ocrx_word' id='word_1_222' title='bbox 1129 3941 1248 4020; x_wconf 87' lang='lat' dir='ltr'><em>lecturo,</em></span> 
     </span>
     <span class='ocr_line' id='line_1_30' title="bbox 141 4060 1250 4151; baseline -0.002 -19"><span class='ocrx_word' id='word_1_223' title='bbox 141 4061 198 4132; x_wconf 91' lang='lat' dir='ltr'><em>ubi</em></span> <span class='ocrx_word' id='word_1_224' title='bbox 224 4060 418 4134; x_wconf 91' lang='lat' dir='ltr'><em>moribunda</em></span> <span class='ocrx_word' id='word_1_225' title='bbox 439 4062 675 4151; x_wconf 86' lang='lat' dir='ltr'><em>decumbebat,</em></span> <span class='ocrx_word' id='word_1_226' title='bbox 698 4078 918 4151; x_wconf 90' lang='lat' dir='ltr'><em>accesserant,</em></span> <span class='ocrx_word' id='word_1_227' title='bbox 945 4063 1189 4137; x_wconf 89' lang='lat' dir='ltr'><em>admirationem</em></span> <span class='ocrx_word' id='word_1_228' title='bbox 1209 4084 1250 4133; x_wconf 84' lang='lat' dir='ltr'><em>er·</em></span> 
     </span>
     <span class='ocr_line' id='line_1_31' title="bbox 141 4185 1250 4282; baseline -0.003 -26"><span class='ocrx_word' id='word_1_229' title='bbox 141 4185 263 4257; x_wconf 91' lang='lat' dir='ltr'><em>citaret.</em></span> <span class='ocrx_word' id='word_1_230' title='bbox 316 4186 432 4257; x_wconf 91' lang='lat' dir='ltr'><em>Paucis</em></span> <span class='ocrx_word' id='word_1_231' title='bbox 461 4201 496 4257; x_wconf 92' lang='lat' dir='ltr'><em>ut</em></span> <span class='ocrx_word' id='word_1_232' title='bbox 528 4185 651 4272; x_wconf 91' lang='lat' dir='ltr'><em>dicam,</em></span> <span class='ocrx_word' id='word_1_233' title='bbox 686 4186 781 4257; x_wconf 89' lang='lat' dir='ltr'><em>talem</em></span> <span class='ocrx_word' id='word_1_234' title='bbox 820 4201 1017 4282; x_wconf 85' lang='lat' dir='ltr'><em>cognoverat</em></span> <span class='ocrx_word' id='word_1_235' title='bbox 1048 4213 1198 4274; x_wconf 82' lang='lat' dir='ltr'><em>uxorem,</em></span> <span class='ocrx_word' id='word_1_236' title='bbox 1223 4186 1250 4253; x_wconf 78' lang='lat' dir='ltr'><em>el</em></span> 
     </span>
    </p>
   </div>
   <div class='ocr_carea' id='block_1_4' title="bbox 141 4307 1252 4531">
    <p class='ocr_par' dir='ltr' id='par_1_4' title="bbox 141 4307 1252 4531">
     <span class='ocr_line' id='line_1_32' title="bbox 142 4307 1252 4407; baseline -0.002 -28"><span class='ocrx_word' id='word_1_237' title='bbox 142 4308 287 4404; x_wconf 89' lang='lat' dir='ltr'><em>corporis</em></span> <span class='ocrx_word' id='word_1_238' title='bbox 318 4307 437 4404; x_wconf 79' lang='lat' dir='ltr'><em>gratia,</em></span> <span class='ocrx_word' id='word_1_239' title='bbox 465 4308 502 4379; x_wconf 93' lang='lat' dir='ltr'><em>iis</em></span> <span class='ocrx_word' id='word_1_240' title='bbox 528 4309 685 4407; x_wconf 91' lang='lat' dir='ltr'><em>imprimis</em></span> <span class='ocrx_word' id='word_1_241' title='bbox 710 4309 806 4380; x_wconf 90' lang='lat' dir='ltr'><em>animi</em></span> <span class='ocrx_word' id='word_1_242' title='bbox 833 4309 1008 4381; x_wconf 89' lang='lat' dir='ltr'><em>virtutibus</em></span> <span class='ocrx_word' id='word_1_243' title='bbox 1032 4310 1206 4406; x_wconf 80' lang='lat' dir='ltr'><em>insignem,</em></span> <span class='ocrx_word' id='word_1_244' title='bbox 1226 4316 1252 4377; x_wconf 87' lang='lat' dir='ltr'><em>ut</em></span> 
     </span>
     <span class='ocr_line' id='line_1_33' title="bbox 141 4428 1252 4531; baseline -0.005 -29"><span class='ocrx_word' id='word_1_245' title='bbox 141 4431 305 4503; x_wconf 89' lang='lat' dir='ltr'><em>meliorem</em></span> <span class='ocrx_word' id='word_1_246' title='bbox 329 4456 366 4503; x_wconf 89' lang='lat' dir='ltr'><em>ac</em></span> <span class='ocrx_word' id='word_1_247' title='bbox 392 4431 492 4529; x_wconf 83' lang='lat' dir='ltr'><em>magis</em></span> <span class='ocrx_word' id='word_1_248' title='bbox 518 4444 702 4531; x_wconf 84' lang='lat' dir='ltr'><em>exoptatam</em></span> <span class='ocrx_word' id='word_1_249' title='bbox 723 4432 808 4506; x_wconf 87' lang='lat' dir='ltr'><em>vitae</em></span> <span class='ocrx_word' id='word_1_250' title='bbox 832 4433 950 4507; x_wconf 89' lang='lat' dir='ltr'><em>sociam</em></span> <span class='ocrx_word' id='word_1_251' title='bbox 974 4433 1071 4507; x_wconf 89' lang='lat' dir='ltr'><em>nullis</em></span> <span class='ocrx_word' id='word_1_252' title='bbox 1095 4459 1167 4510; x_wconf 90' lang='lat' dir='ltr'><em>sese</em></span> <span class='ocrx_word' id='word_1_253' title='bbox 1187 4428 1252 4509; x_wconf 86' lang='lat' dir='ltr'><em>votis</em></span> 
     </span>
    </p>
   </div>
   <div class='ocr_carea' id='block_1_5' title="bbox 0 0 1413 4958">
    <p class='ocr_par' dir='ltr' id='par_1_5' title="bbox 0 0 1413 4958">
     <span class='ocr_line' id='line_1_34' title="bbox 0 0 1413 4958; baseline 0 0"><span class='ocrx_word' id='word_1_254' title='bbox 0 0 1413 4958; x_wconf 95' lang='lat' dir='ltr'><em> </em></span> 
     </span>
    </p>
   </div>
  </div>
 </body>
</html>
