2782 4958
562 368 602 410 nn
624 366 822 410 nortannsro.
1215 349 1257 414 83

128 537 230 607 aDeo
254 546 405 632 expetere
427 544 579 631 potuisse,
598 531 687 604 haud
709 531 778 604 sine
799 530 956 604 acerrimo
983 532 1132 606 desiderii
1157 558 1256 607 sensu

127 657 262 730 videret.
315 658 416 754 Cujus
445 656 543 752 igitur
576 654 768 727 lectissimae
797 655 945 752 conjugis
974 654 1128 728 decessus
1157 681 1257 755 quam

128 780 261 853 crudele
284 779 391 852 Mariti
416 779 548 877 pectori,
574 805 638 850 non
659 778 743 850 duro
766 778 829 862 illi,
851 777 909 850 sed
936 795 1046 852 tenero
1068 778 1254 867 admodum,

128 903 248 976 vulnus
271 903 431 990 intulerit,
457 903 510 973 vix
535 916 592 974 aut
623 927 664 975 ne
687 905 739 993 vix
765 901 895 1001 quidem
922 903 1022 975 verba
1050 886 1171 1002 quibus
1201 902 1257 976 de·

127 1028 267 1100 scribam
288 1027 424 1100 invenio.
459 1027 563 1115 Quid,
590 1025 680 1125 quod
701 1040 765 1098 tam
791 1026 909 1099 acerba
925 1026 979 1098 illa
1002 1026 1109 1098 animo
1134 1024 1257 1098 inflicta

125 1150 223 1246 plaga
250 1149 309 1246 ipsi
339 1149 435 1221 etiam
462 1149 590 1247 corpori
615 1148 780 1221 mortifera
806 1150 1081 1223 sorevidereturl
1125 1149 1255 1222 Etenim

123 1297 190 1343 non
214 1271 272 1344 diu
296 1286 368 1368 post
386 1286 450 1343 tam
470 1272 560 1368 gravi
581 1272 695 1344 morbo
717 1272 905 1370 depressum
925 1273 1064 1345 vidimus
1081 1273 1256 1368 Collegam,

123 1410 161 1467 ut
182 1394 225 1466 de
248 1397 318 1491 ejus
335 1395 399 1466 vita
421 1395 568 1493 plerique
585 1394 796 1492 desperarent
811 1397 926 1469 Amici.
954 1400 1076 1473 Verum
1094 1397 1132 1470 D.
1155 1397 1193 1469 Ο.
1212 1398 1256 1469 Μ.

121 1518 299 1617 laudemus
320 1533 467 1616 oportet,
494 1519 550 1617 qui
575 1545 649 1591 eum
676 1535 754 1592 tunc
775 1519 906 1617 quidem
931 1544 972 1593 ex
996 1519 1258 1617 praesentissimo

121 1645 241 1713 mortis
272 1642 415 1739 periculo
448 1642 579 1740 eripuit,
616 1667 758 1741 eumque
786 1642 906 1714 multos
935 1655 1047 1740 postea
1074 1668 1131 1740 per
1156 1668 1258 1715 annos

121 1765 294 1837 Ecclesiae
317 1779 416 1864 atque
442 1765 637 1837 Academiae
662 1765 802 1837 servavit
829 1765 1041 1837 incolumem!

175 1885 241 1958 Sed
268 1911 306 1957 eo
333 1885 515 1958 redeamus.
567 1888 643 1971 Quo
670 1888 772 1984 primo
805 1901 951 1986 tempore
977 1888 1033 1960 tali
1060 1888 1123 1960 bac
1150 1891 1257 1962 Uxore

125 2010 362 2082 moestissimus
385 2010 521 2083 orbatus
544 2025 613 2083 erat
636 1991 793 2097 Maritus,
824 2011 908 2083 ictbs
930 2010 1136 2083 vehementia
1161 2011 1257 2109 plane

125 2145 370 2206 consternatum
392 2159 427 2206 se
449 2133 548 2205 sensit
573 2158 610 2204 ac
634 2159 737 2231 paene
757 2146 965 2231 prostratum.
1011 2133 1140 2205 Placida
1159 2134 1257 2206 medi·

124 2258 249 2330 tatione
277 2255 420 2329 animum
443 2254 658 2354 componendi
683 2255 744 2326 sibi
771 2256 957 2328 facultatem
988 2281 1052 2327 non
1077 2281 1149 2329 esse
1174 2280 1256 2329 con·

124 2380 335 2480 querebatur.
387 2381 509 2453 Verum
533 2379 738 2477 postmodum
762 2404 802 2451 ex
823 2378 944 2451 recenti
963 2377 1016 2448 itta
1036 2378 1157 2451 doloris
1176 2404 1257 2451 con·

125 2503 255 2576 lusione
283 2528 341 2601 spe
369 2503 465 2575 citius
493 2528 564 2575 sese
590 2503 797 2601 recipientem
831 2525 906 2573 eum
938 2499 1079 2573 vidimus
1105 2514 1137 2574 et
1162 2501 1257 2573 colli·

125 2640 278 2724 gentem,
304 2639 402 2724 atque
430 2626 471 2698 ad
494 2624 620 2698 solitam
646 2651 681 2698 se
706 2625 951 2699 confirmantem
979 2624 1191 2698 constantiam
1218 2651 1257 2698 ac

124 2749 357 2822 fortitudinem.
412 2750 462 2821 Ac
498 2763 578 2822 tunc
614 2764 647 2821 et
683 2749 769 2821 omni
807 2747 960 2846 deinceps
992 2764 1153 2847 tempore,
1190 2774 1256 2846 quo

124 2874 275 2970 graviore
296 2873 431 2946 vulnere
454 2872 510 2946 diu
531 2874 696 2946 sauciatus
719 2871 870 2944 manebat
891 2872 1031 2959 animus,
1054 2897 1093 2944 eo
1112 2872 1256 2969 pulcrius

123 2996 192 3067 Viri
215 2995 351 3068 Divinae
373 2996 531 3068 voluntati
549 2997 600 3093 pie
621 3022 656 3068 se
675 2995 895 3067 submittentis
919 2995 1133 3093 aequabilitas
1154 2996 1256 3069 eluxit

123 3142 161 3189 ac
185 3116 350 3215 patientia.
391 3120 501 3203 Quum
526 3118 714 3214 praesertim
738 3116 778 3188 ad
801 3116 884 3188 mala
906 3115 1172 3217 calamitatesque
1193 3119 1258 3190 lor-

122 3239 199 3312 titer
228 3239 437 3336 perferendas
466 3239 642 3338 quominus
665 3255 791 3313 mature
816 3265 887 3312 sese
917 3239 1144 3328 assuefaceret,
1172 3241 1254 3312 ado-

121 3362 295 3435 lescentiae
316 3361 494 3434 obstitisset
511 3388 549 3434 ac
568 3363 750 3458 juventutis
771 3377 803 3435 et
826 3362 975 3434 universe
996 3361 1111 3459 prioris
1128 3362 1257 3447 aetatis,

122 3487 174 3558 rix
200 3511 345 3585 unquam
373 3487 522 3576 turbata,
553 3487 759 3584 prosperitas.
812 3487 921 3557 Novas
946 3497 1055 3558 autem
1081 3498 1179 3584 atque
1204 3485 1256 3556 in-

120 3608 250 3695 solitas,
287 3609 408 3708 quibus
438 3611 671 3708 necopinantes
701 3609 897 3694 obruamur,
924 3633 1097 3681 aerumnas
1130 3607 1255 3681 acriore

121 3758 181 3804 nos
215 3746 326 3829 petere
353 3758 392 3805 ac
415 3758 562 3830 pungere
589 3758 699 3804 morsu
726 3730 800 3828 quis
827 3729 978 3826 ignorat?
1028 3727 1093 3804 Sed
1118 3728 1159 3802 de
1184 3730 1254 3801 sin-

122 3853 246 3951 gulari,
273 3858 338 3952 qud
365 3868 487 3926 tantam
512 3855 597 3927 illam
619 3855 728 3928 luctus
751 3853 962 3926 acerbitatem
988 3853 1062 3926 tulit
1086 3852 1254 3925 toleravit-

122 4000 201 4073 que,
229 3976 382 4072 patientia
415 4003 452 4048 ao
477 3979 657 4049 constantia
684 3977 777 4075 plura
807 3975 860 4047 hle
891 3975 998 4048 dicere
1026 3975 1105 4048 nihil
1129 3976 1254 4048 attinet.

121 4100 234 4193 Longe
249 4098 399 4172 disertius
421 4103 505 4172 enim
527 4127 565 4173 ac
586 4102 791 4188 luculentius
811 4126 908 4200 quam
931 4101 1038 4173 tenuis
1060 4100 1141 4172 haec
1154 4100 1256 4197 possit

122 4222 279 4309 narratio,
298 4223 399 4320 ipsius
421 4223 571 4320 Collegae
595 4249 663 4296 eam
687 4223 886 4296 demonstrat
909 4236 942 4297 et
962 4225 1031 4297 lere
1047 4222 1089 4296 ad
1109 4225 1253 4296 omnium

122 4345 235 4419 oculos
256 4344 410 4444 depingit,
431 4347 487 4418 ubi
511 4346 662 4419 llebiliter
685 4347 800 4419 orbato
823 4349 940 4420 Marito
963 4346 1114 4420 vixdum
1142 4360 1253 4419 ternae

120 4470 268 4543 abierant
287 4469 516 4557 hebdomades,
537 4473 629 4543 sacrat
646 4497 706 4568 pro
727 4470 883 4545 concione
897 4471 1007 4544 habita
1029 4470 1147 4558 oratio;
1165 4494 1251 4569 quae

1089 4600 1108 4660 (j
1118 4594 1140 4636 ll
