2782 4958
309 1187 479 1271 Euuupelu'e
508 1189 685 1274 apocrypho,
710 1187 857 1252 aduraim
883 1187 1029 1265 plurimis
1059 1186 1154 1251 Gonu.
1183 1187 1338 1251 Graeciam

354 1303 490 1379 latinia,
515 1303 673 1367 munimem
693 1311 811 1383 purtem
834 1324 912 1366 nune
937 1301 1068 1380 primum
1091 1299 1240 1364 consumtis
1271 1307 1339 1384 cipue

356 1419 535 1484 ineditorum
572 1419 662 1498 cupid
698 1420 885 1502 u'nm’pnu'buc¹
925 1419 1021 1482 edidit
1063 1417 1341 1483 Constantinus

230 1593 233 1599 .
354 1531 620 1597 Tischendorf
640 1537 733 1610 caet.;
758 1535 840 1618 lips.
869 1536 969 1599 1853.
997 1534 1050 1616 Pp.
1076 1533 1162 1607 463,
1192 1530 1217 1598 f.
1245 1530 1336 1614 8muj-.

722 1857 857 1877 ...Φ-

264 2117 298 2180 1η
320 2117 367 2196 iis,
395 2118 449 2200 qui
472 2119 554 2181 sacra
577 2115 743 2181 excolendi
766 2116 884 2182 Gritu'ed
903 2115 940 2179 de
962 2117 1066 2180 nostrl
1084 2114 1163 2180 bene
1184 2117 1339 2180 meruerunt

220 2228 391 2314 disciplina,
417 2228 531 2293 nullius
552 2227 639 2293 facile
661 2228 789 2293 feracius
810 2227 902 2292 fuisse
924 2227 1082 2313 ingenium
1111 2233 1241 2306 constat,
1267 2249 1338 2312 quau

222 2343 480 2408 Constantini
509 2341 820 2429 Tiscbendoriii.
867 2343 927 2406 Neo
954 2341 1053 2406 solum
1083 2343 1165 2407 euim
1195 2341 1340 2429 permultos

219 2457 377 2522 Librorum
408 2478 560 2521 sacrorum
591 2455 746 2522 consuluit
775 2478 809 2520 ac
831 2454 963 2521 contulit
991 2456 1102 2522 diversi
1124 2458 1244 2542 generis
1271 2454 1340 2520 Codi·

220 2594 280 2648 ces,
312 2592 350 2634 ex
374 2573 471 2654 iisque
494 2570 654 2656 diligenter
677 2575 811 2636 enotatas
837 2567 1005 2655 publicavit
1028 2571 1178 2634 variantes
1195 2569 1337 2649 lectiones,

220 2688 281 2768 qut
303 2687 336 2749 iu
358 2685 503 2770 palaestra
525 2706 606 2750 uuus
627 2685 751 2751 fortasse
770 2691 941 2750 nostrorum
962 2684 1023 2749 fuit
1037 2684 1221 2769 aequalium,
1238 2684 1287 2770 qui
1302 2681 1340 2747 illi

221 2799 441 2883 quodammodo
471 2800 636 2884 comparari
665 2805 781 2886 posset,
814 2796 1047 2881 Scholuius‚
1084 2799 1269 2876 Bonnensis;
1300 2796 1342 2862 sed
1377 2794 1380 2799 ’

220 2913 319 2998 plura,
354 2934 445 2997 quam
473 2912 525 2978 ille
555 2913 605 2978 vel
634 2915 792 2998 quisquam
823 2913 912 2990 alius,
944 2914 1063 2999 integra
1091 2914 1245 3001 nulgavit.
1273 2933 1345 2979 nuuc

188 3057 190 3061 ·
221 3028 340 3095 demum
364 3027 614 3094 bibliothecarum
643 3051 682 3093 ex
705 3028 842 3094 claustris
874 3034 970 3109 eruta,
1000 3028 1103 3114 magui
1135 3029 1228 3114 pretii
1249 3048 1345 3092 mouu-

221 3148 322 3208 meuta
344 3147 471 3210 vetusta.
520 3145 595 3208 llaec
613 3164 683 3209 vero
707 3147 796 3228 atque
817 3141 874 3208 alia
891 3141 986 3207 multa
1007 3164 1046 3206 ne
1067 3162 1243 3221 memorem,
1259 3143 1347 3229 ipsum

221 3258 342 3323 Nouum
367 3259 582 3322 Testamentum
606 3260 759 3334 Graecum,
783 3259 899 3322 iteratis
925 3257 1092 3322 identidem
1113 3257 1209 3334 curis,
1236 3257 1349 3333 testium

222 3395 260 3445 ex
283 3373 343 3437 fide
374 3369 457 3436 illius
491 3371 625 3457 expolita
656 3372 810 3448 oratioue,
841 3371 999 3456 quinquies
1026 3373 1089 3456 jam
1114 3371 1264 3436 ediderat.
1320 3369 1349 3433 ln

223 3485 334 3571 quibus
356 3507 418 3550 uon
441 3488 642 3570 acquiescens,
676 3497 789 3553 sculum
815 3489 918 3573 paucis
940 3492 1009 3572 post
1033 3487 1120 3551 anuis
1142 3485 1278 3571 subjecit
1296 3485 1350 3551 edi·

146 3643 150 3648 ›
222 3603 349 3678 tionem,
374 3624 472 3691 quam¹
486 3624 554 3666 vere
577 3604 744 3687 triplottum
765 3602 930 3688 inscripsit.
979 3604 1074 3678 Num,
1099 3605 1287 3687 unaquoque
1308 3621 1351 3687 pu·

222 3717 297 3802 giud
317 3718 413 3781 ternis
434 3716 595 3783 distributi
615 3717 737 3794 loculis,
754 3723 873 3784 textum
888 3720 1036 3792 Graecum,
1060 3713 1241 3782 brevissima
1261 3716 1352 3800 aliqud

224 3829 457 3895 nonnullarum
480 3832 659 3896 variantium
675 3830 834 3894 ‘notatione
856 3834 993 3904 auctum,
1027 3849 1096 3892 cum
1128 3829 1352 3916 Hieronymi

224 3944 340 4008 Detinet
362 3949 393 4009 et
415 3945 581 4010 Lutberi
606 3945 786 4009 Germanice?
811 3944 959 4023 versione,
990 3966 1078 4027 quum
1108 3944 1349 4018 numentinum,

223 4059 312 4125 sicuti
335 4059 505 4144 profitetur,
523 4059 639 4145 adjecta
653 4061 794 4143 utraque,
819 4058 1007 4142 comparandi
1023 4056 1141 4121 facilem
1156 4056 1264 4123 lectori
1279 4055 1351 4122 dedit

225 4174 479 4258 opportunitatem
504 4175 567 4258 (l).

225 4341 374 4352 *-

258 4439 300 4502 (l)
319 4437 356 4490 N.
384 4436 414 4488 Τ.
443 4438 574 4504 rriptouum.
599 4436 698 4500 Graece,
723 4438 815 4501 Larino,
846 4436 992 4492 Germanice.
1029 4437 1147 4492 Graecum
1170 4448 1256 4494 reulum
1277 4437 1346 4490 addin
