2782 4958
139 314 179 377 16
637 329 777 391 errsroes

182 497 376 573 Chartorum
408 493 449 566 de
483 507 676 590 argomento
707 495 734 566 si
761 493 844 566 lorte
880 494 989 590 paullo
1020 495 1134 594 plura,
1164 525 1262 598 quam

70 673 76 680 -
133 622 267 695 ineunte
290 620 356 717 jam
382 616 446 690 hta
473 615 612 715 epistola
636 616 720 711 dixi,
748 617 931 716 requiritis3
961 618 1086 694 varium
1110 621 1192 713 erit,
1226 650 1264 696 ac

131 769 193 843 per
221 741 350 816 diversa
378 739 546 815 doctrinae
579 764 693 814 sacrae
722 740 830 840 capita
865 741 968 817 libere
996 744 1188 841 vagabitur;
1220 747 1263 820 ita

131 882 242 941 tamen
262 877 300 939 ut
326 890 411 964 quae
430 863 473 940 ad
490 863 581 938 Sacri
601 862 731 976 Codicis
755 865 807 938 vel
831 864 1076 964 intelligentiam
1102 868 1264 943 lacilitan-

125 989 206 1062 dam
240 988 292 1063 vel
326 989 484 1063 honorem
518 987 677 1063 tuendum
711 987 929 1088 pertineant,
943 1015 982 1063 ea
1013 1015 1091 1089 prae
1126 995 1264 1067 caeteris

115 1113 211 1187 ‘mihi
245 1111 472 1213 persequenda
506 1112 637 1186 ducam.
686 1112 757 1188 Nisi
787 1113 922 1186 consilio
946 1114 1109 1203 excidam,
1144 1116 1263 1214 singu·

130 1238 237 1311 lorum
264 1236 447 1325 Librorum,
470 1236 527 1335 qui
551 1235 685 1309 seorsim
709 1235 866 1325 edentur,
896 1239 987 1336 prior
1010 1265 1162 1339 quaeque
1187 1267 1264 1339 pars

131 1362 172 1436 de
205 1360 335 1459 scriptis
371 1359 555 1450 nonnullis,
594 1360 775 1434 recentiore
813 1374 982 1460 tempore,
1012 1362 1102 1460 apud
1134 1378 1265 1436 exteros

132 1485 289 1574 maxime,
310 1484 452 1582 vulgatis
480 1483 627 1558 modesta
656 1485 837 1558 continebit
861 1485 992 1583 judicia.
1045 1486 1142 1572 Quod
1175 1490 1265 1584 ejus-

83 1591 84 1594 *
131 1610 219 1684 modi
251 1610 328 1696 erit,
362 1622 399 1683 ut
432 1608 530 1681 modo
565 1634 713 1682 censeres
743 1609 878 1708 prodam
907 1610 1018 1708 paullo
1046 1609 1263 1708 copiosiores,

130 1733 228 1808 modo
249 1733 415 1808 relationes
434 1734 600 1808 breviores
621 1759 660 1807 ac
677 1733 894 1808 brevissimas.
921 1735 985 1808 Ubi
998 1735 1031 1807 id
1045 1735 1155 1833 potius
1167 1760 1264 1832 agam

132 1872 169 1932 ut
193 1858 301 1932 Seculi
325 1857 418 1947 vitia,
437 1858 660 1956 exemplorum
678 1857 750 1930 face
775 1857 938 1948 adhibita,
964 1857 1065 1931 veluti
1087 1857 1190 1955 digito
1207 1856 1264 1931 de

130 1995 304 2055 monstrem
319 1995 419 2081 atque
435 1982 628 2081 aequalibus
641 1981 786 2055 cavenda
805 1982 987 2069 ostendam,
1005 2008 1103 2082 quam
1130 1996 1167 2054 ut
1189 1983 1263 2055 sin-

131 2106 284 2205 gulorum
306 2119 502 2189 auctorum,
527 2106 584 2205 qui
606 2131 646 2179 ex
671 2106 772 2204 hujus
794 2106 950 2205 temporis
969 2106 1163 2203 contagione
1180 2104 1263 2178 labis

130 2230 210 2331 quid
232 2215 419 2315 hauserint,
445 2254 573 2303 errores
587 2229 735 2304 severius
751 2228 999 2329 reprehendam.
1029 2229 1082 2302 Ad
1099 2224 1265 2302 laudandi

127 2591 179 2632 usu
198 2575 261 2631 lites
281 2593 314 2631 ac
332 2575 563 2643 concertationes,
582 2552 634 2633 suo
653 2577 772 2650 quisque
784 2577 879 2647 modo,
894 2577 939 2634 rel
958 2584 1131 2650 exponerent
1150 2578 1195 2632 vel
1212 2578 1260 2650 ju·

127 2673 261 2730 dicarent.
301 2674 349 2730 Me
369 2676 496 2748 quidem,
517 2674 646 2749 proximo
665 2677 718 2732 hoc
737 2683 878 2750 tempore,
901 2676 1091 2733 memorabiles
1108 2677 1190 2732 binae
1203 2676 1259 2733 dis·

126 2775 285 2848 potationes
304 2775 386 2831 valde
405 2777 597 2844 adverterunt,
617 2775 757 2848 repositae
775 2775 806 2831 in
824 2776 992 2849 Ephemer.:
1015 2778 1050 2830 Le
1068 2777 1151 2844 Lien,
1176 2781 1258 2843 1852,

125 2874 174 2930 ΝΟ.
196 2880 230 2929 14
249 2882 278 2930 st
296 2875 345 2931 Ne
367 2881 419 2944 16,
439 2892 557 2949 quarum
576 2874 664 2932 altera
688 2875 774 2930 hehet
798 2881 939 2930 auctorem
959 2892 1018 2931 rev.
1045 2873 1172 2930 Athen.
1200 2873 1261 2930 Oo-

126 2973 384 3049 quer-elutum,
396 2974 550 3031 alterarer.
570 2973 702 3032 Anton.
722 2975 916 3039 Bourels-
926 2975 989 3032 Nec
1006 2992 1074 3031 vero
1093 2973 1264 3048 negligenda

18 3100 22 3108 -
126 3073 261 3144 quassu
280 3072 417 3145 lophem:
441 3056 639 3146 nummus,
657 3075 802 3144 issam.
825 3082 948 3144 rc-m,
969 3075 1042 3131 mxu
1061 3075 1096 3131 01.
1111 3075 1261 3140 essese,

127 3190 245 3245 quorum
264 3189 399 3229 summam
417 3174 543 3246 reposuit
568 3165 795 3248 gravissimisque
821 3175 877 3250 suis
897 3175 977 3230 nuxit
996 3174 1109 3230 monitis
1129 3175 1204 3228 doct.
1226 3172 1259 3228 C.

124 3273 163 3327 H.
184 3291 210 3328 v.
231 3273 259 3328 H
276 3274 445 3345 [eruerden]
466 3272 495 3329 O.
516 3273 552 3329 H.
572 3274 606 3343 f.,
626 3271 656 3328 in
677 3275 807 3348 Ephem.:
822 3275 928 3330 Wcurh.
943 3277 973 3329 iu
993 3274 1105 3349 Liefde,
1131 3279 1213 3328 1853.
1233 3273 1260 3328 1.

125 3392 155 3448 p.
180 3378 338 3429 125-141.
359 3371 449 3427 -1n
464 3372 656 3446 impugnando
666 3372 842 3446 <Scriptorum
863 3371 1048 3428 classicorum
1060 3391 1110 3426 usn
1122 3388 1188 3445 prae
1199 3387 1262 3426 cae·

126 3473 194 3530 teris
213 3475 248 3532 de
270 3473 363 3547 pelmt
389 3490 482 3529 secum
506 3473 625 3529 invicem
644 3475 784 3529 decertare
810 3470 940 3527 videntur
962 3471 1051 3534 Lud.
1072 3470 1264 3538 Veuillot‚¹

126 3572 232 3629 Diarii:
250 3572 409 3642 L’Univerq
421 3571 502 3627 nimis
513 3578 612 3640 notus,
623 3571 709 3628 eheul
721 3572 897 3640 Moderator,
906 3575 942 3628 'et
957 3571 1054 3628 Abbas
1069 3571 1099 3627 J.
1117 3569 1260 3637 Geume,

126 3671 204 3744 cujus
223 3671 311 3726 fertur
330 3670 454 3726 libellus:
472 3671 508 3724 le
528 3673 579 3724 Ver
595 3688 713 3746 rongese
731 3673 781 3728 des
799 3672 923 3726 Societes
937 3669 1093 3738 modernas,
1113 3689 1149 3724 ou
1166 3669 1191 3724 le
1205 3671 1260 3724 Pa·

123 3770 248 3844 ganieme
267 3771 337 3824 dces
356 3769 540 3836 l'edunatt'on3
555 3769 644 3823 Brux.
666 3776 747 3825 1851.
789 3770 880 3836 Quem
896 3769 981 3843 igitur
1000 3788 1110 3824 vermem
1128 3767 1261 3824 Graeciae
1305 3752 1306 3755 Ἴ

125 3868 256 3942 Latiique
270 3868 468 3941 Scriptoribus,
487 3869 517 3924 in
536 3866 661 3925 cultioris
680 3870 851 3927 educationis
868 3870 1021 3927 subsidium
1038 3868 1180 3937 adhibitis,
1195 3884 1261 3923 con·

122 3958 210 4025 ¹tineri
231 3968 383 4024 contendit.
422 3968 513 4035 Quem
531 3967 666 4038 libellum,
687 3971 721 4027 de
742 3990 798 4044 quo
818 3971 928 4028 dubites
947 3979 1042 4027 utrum
1057 3969 1148 4042 turpis
1164 3968 1260 4041 potius

128 4066 260 4122 dicendus
279 4066 326 4136 sit,
345 4085 381 4123 an
398 4067 540 4137 ridiculus,
561 4085 656 4125 severe
682 4070 853 4142 promerito
882 4069 1030 4143 castigavit
1061 4068 1262 4146 Hengsten7

126 4165 247 4238 bergii
267 4155 397 4239 Ephem.:
416 4168 526 4242 Evang.
548 4170 578 4222 K.
595 4171 634 4238 2,
658 4173 740 4237 1852,
754 4169 934 4224 Nece-91.
947 4165 1141 4239 -Quidquid
1157 4164 1204 4234 sit,
1226 4165 1262 4219 ab

126 4269 178 4323 hec
195 4275 268 4324 certe
284 4267 387 4324 virtute
406 4268 539 4324 laudandi
558 4278 623 4324 sunt
641 4269 770 4325 eminent.
784 4267 1020 4341 Dupanlonp,
1036 4266 1192 4340 Episcopus
1202 4265 1260 4321 Au·

126 4367 298 4435 rebecensis,
323 4367 425 4441 aliique
443 4368 810 4443 PraesulesFrancogellici,
832 4368 881 4440 qui
899 4369 1075 4425 tenebrarum
1091 4365 1258 4426 satellitibus

129 4465 190 4523 istis
212 4475 322 4525 strenue
343 4466 453 4526 obviam
471 4468 590 4526 iverunt.
1052 4451 1055 4459 .
