2782 4958
597 366 771 413 renoscere.
1183 349 1245 410 159

154 540 306 612 Quamvis
329 538 456 604 diuersis
479 538 615 602 docendo
637 559 674 602 ac
695 535 854 600 scribendo
877 534 1024 620 profuerit
1047 554 1148 598 sacrae
1171 533 1246 598 doc·

105 657 208 718 trinae
232 653 368 740 partibas
389 654 562 738 Theologus
584 653 635 716 hic
657 651 878 723 Berolinensis;
903 669 995 712 unam
1016 654 1117 712 tamen
1140 649 1245 724 fuisse,

105 789 199 851 quam
224 790 295 853 prae
317 769 443 845 caeteris
464 768 616 832 excoleret
645 775 734 852 atque
757 769 893 830 omnium
918 766 1057 829 maximis
1081 765 1249 827 demeteret

105 884 235 957 officiis,
261 882 421 947 Senatum
449 882 643 947 Christianae
665 881 855 959 Historiam,
884 881 965 943 inter
988 898 1093 942 omnes
1117 883 1244 952 coasmt,

105 1000 159 1082 qui
186 998 301 1083 aliquid
332 998 383 1062 hlc
409 997 547 1081 judicare
576 1006 720 1082 possunt,
753 996 845 1059 Viros
869 995 986 1058 doctos.
1035 991 1189 1062 Quocirca
1211 988 1248 1054 ab

105 1112 168 1175 hau
193 1114 384 1196 potissimum
409 1117 493 1195 parte
516 1111 599 1177 illius
622 1112 782 1197 spectanda
803 1116 874 1197 sunt
897 1130 932 1173 ac
953 1104 1100 1172 laudanda
1125 1106 1245 1170 merita.

105 1226 217 1311 Ipsum
241 1227 339 1311 igitur
362 1228 388 1290 si
412 1227 556 1310 propositi
580 1228 627 1290 sui
652 1233 758 1289 testam
783 1225 922 1290 audimus
945 1223 1181 1302 Neandrum,
1207 1224 1250 1285 its

105 1360 195 1417 eam,
231 1359 319 1424 quam
351 1340 498 1420 diximus,
532 1339 751 1403 informandam
775 1359 809 1401 ac
832 1337 1007 1402 tradendam
1032 1335 1165 1421 suscepit
1186 1335 1250 1400 his-

105 1454 236 1532 toriam,
263 1459 297 1518 at
319 1453 611 1531 luculentissimum,
639 1453 718 1517 unde
742 1452 931 1517 Christianae
954 1451 1114 1537 religionis
1135 1451 1182 1515 vis
1201 1471 1249 1534 ap·

105 1574 232 1652 areret
253 1574 285 1632 et
307 1569 488 1647 efficacitas,
521 1573 732 1654 argumentum
761 1589 793 1630 ea
816 1565 905 1630 nobis
929 1566 1113 1630 ministraret
1136 1584 1172 1628 ac
1194 1563 1249 1627 do·

105 1691 312 1759 eumentnm3
345 1719 389 1733 -—
417 1688 453 1748 ut
482 1683 684 1767 experientiae
712 1702 748 1746 ac
775 1682 896 1766 pietatis
926 1679 1120 1746 Christianae
1143 1679 1251 1744 Schola

106 1797 216 1862 eadem
234 1803 325 1861 'esset
359 1801 517 1882 perpetua3
547 1833 592 1844 -
617 1801 652 1860 ut
681 1795 869 1880 disciplinam
900 1794 1029 1877 denique
1060 1795 1249 1877 contineret,

107 1934 187 1996 quae
220 1913 257 1974 ad
287 1933 408 1990 omnes,
442 1931 571 1995 quorum
600 1930 663 1973 non
692 1909 830 1973 occlusae
864 1910 925 1973 sint
956 1928 1062 1990 aures,
1095 1911 1250 1975 auditores

115 2028 286 2112 οἰκοδομῆς
317 2032 349 2089 st
370 2026 576 2089 institutionis
599 2031 630 2088 et
653 2023 794 2089 salutaris
816 2023 1031 2089 admonitionis
1054 2045 1157 2090 vocem
1180 2047 1250 2088 oon-

115 2147 244 2205 rertaret
275 2163 309 2203 ae
337 2142 501 2224 perferret,
532 2138 617 2204 nullo
647 2160 706 2202 non
740 2138 841 2204 seculo
870 2143 1040 2224 perceptam
1072 2160 1106 2202 ac
1139 2159 1248 2224 propa·

115 2261 226 2339 gamm.
276 2255 343 2318 Hoc
366 2256 467 2329 enim,
501 2256 618 2338 iuquit,
651 2261 767 2316 mature
787 2254 848 2337 jam
872 2254 951 2317 vitae
975 2274 1056 2317 meae
1079 2248 1249 2337 studiisque

117 2371 301 2453 propositum
317 2370 376 2431 fuit
397 2367 570 2431 consilium.
605 2368 652 2431 lla
670 2369 881 2453 gravissimam
903 2366 999 2452 ipsius
1019 2366 1246 2450 professionem,

115 2502 201 2567 qaam
231 2490 399 2567 opportune
429 2483 659 2566 disputationis,
691 2481 745 2547 ubi
776 2483 841 2566 ejus
871 2483 904 2544 in
927 2480 984 2544 hcc
1007 2500 1118 2567 genere
1140 2481 1248 2546 merita

115 2593 266 2662 subtiliter
298 2603 330 2660 et
359 2606 498 2661 accurate
528 2598 670 2682 exponit,
709 2598 741 2660 in
779 2597 878 2681 capite
911 2597 1013 2682 posuit
1045 2595 1101 2660 Ha
1108 2593 1250 2681 genba-

116 2710 230 2776 chius
254 2714 312 2798 (l).
359 2713 468 2796 Neque
493 2711 547 2776 illo
575 2713 709 2795 profecto
731 2712 813 2775 vitae
833 2729 906 2774 suae
929 2711 1057 2775 consilio
1079 2711 1245 2789 excidisse,

115 2846 169 2888 uec
192 2827 232 2907 ai,
255 2827 336 2910 quod
360 2828 451 2890 animi
475 2848 528 2910 per
550 2819 819 2890 conformationem
838 2832 869 2889 et
885 2827 1015 2891 fatorum
1036 2836 1090 2911 per
1108 2826 1250 2909 adjuncta

115 2939 262 3004 diuinitus
295 2939 353 3004 sibi
384 2941 559 3025 impositum
595 2940 738 3025 putabat,
782 2941 882 3005 officio
919 2941 1050 3006 defuisse
1082 2941 1250 3004 censendas

116 3058 162 3117 est
183 3053 242 3118 Vir
264 3051 362 3119 bonus
385 3076 419 3118 ac
443 3070 581 3141 magnus.
672 3106 675 3113 .

157 3167 302 3233 Proximo
325 3174 462 3253 tempo-re
477 3172 531 3254 qui
551 3172 654 3236 eadam
673 3171 706 3234 in
723 3171 1007 3256 palaestrt‘slrenue
1022 3171 1133 3234 venati
1149 3174 1246 3249 erant,

115 3266 337 3364 Spittlerns
367 3290 399 3347 et
429 3284 616 3349 Heul'rius
646 3286 776 3370 aliique,
811 3285 1003 3372 Prapmaticr‘
1025 3284 1167 3367 quidem,
1193 3300 1250 3346 suo

115 3396 242 3480 quisque
266 3398 370 3474 mado,
393 3400 455 3464 dici
486 3407 624 3485 poteram
647 3400 807 3466 Historici.
857 3401 966 3484 Neque
987 3398 1067 3463 enim
1091 3416 1192 3462 reram
1214 3397 1248 3460 in

116 3504 252 3574 Ecclesia
281 3520 433 3595 gestarum
464 3536 603 3591 caussas,
636 3518 875 3601 opportunitates
905 3517 1069 3598 effectaque
1095 3511 1248 3597 inquirere
1351 3508 1354 3512 “

116 3727 260 3740 ςήμ---ς-

145 3888 154 3952 l
160 3888 184 3949 1)
212 3885 297 3951 Hujus
314 3890 468 3952 disputatio,
494 3905 570 3955 quam
588 3893 619 3941 de
637 3893 742 3942 meliore
759 3894 820 3941 notu
837 3893 1014 3942 commendare
1032 3905 1083 3940 nou
1100 3889 1206 3950 dubito,
1224 3895 1249 3938 ct

115 3983 182 4030 unde
200 3982 333 4031 'nonnulla
358 3997 427 4032 meos
452 3983 479 4032 in
497 3998 559 4034 usas
577 3999 618 4034 me
643 3984 797 4034 convertisse
823 3983 961 4048 profiteor,
979 3980 1009 4032 da
1025 3979 1062 4033 A.
1081 3981 1117 4033 N.
1135 3984 1160 4033 tn
1176 3978 1247 4032 Hier.

113 4070 184 4122 usar.
210 4073 299 4122 martas
326 4075 469 4125 luculenter
495 4088 625 4138 exponerm
651 4077 712 4137 illa,
740 4078 768 4127 in
784 4078 894 4128 laedatis
910 4082 994 4127 exstat
1010 4075 1077 4126 aaa
1090 4072 1253 4127 Sarranae

111 4165 240 4227 Kastra
257 4169 290 4216 ad
306 4183 331 4216 a.
352 4172 432 4229 1851,
450 4168 480 4218 P.
499 4173 575 4241 epp.
593 4173 644 4218 543
661 4183 715 4233 sqq.

145 4260 196 4308 His
210 4257 265 4320 jam
274 4260 384 4322 scriptis,
403 4258 598 4311 Clarissium
618 4263 694 4311 etiam
708 4268 808 4311 tautum
820 4260 964 4311 Neandri
980 4260 1020 4308 his
1036 4260 1118 4309 serbis
1129 4257 1250 4308 tribuisse

111 4351 201 4406 video,
226 4359 254 4399 ut
272 4349 362 4401 Latine
380 4367 528 4402 conversam
547 4367 635 4404 eorum
653 4368 778 4403 summam
796 4354 966 4417 reponendam
984 4357 1095 4416 putaret,
1113 4350 1184 4416 Epir.
1197 4349 1250 4412 an

110 4442 171 4507 cycl.
190 4442 255 4492 theol.
275 4459 299 4507 p.
319 4450 376 4493 366,
721 4490 733 4520 s
