2782 4958
606 364 771 407 onasuaaa.
1217 352 1256 410 81

87 533 283 612 puritatem
306 532 439 597 iudicare
469 530 602 612 videbit,
628 532 681 596 sed
710 532 813 617 potius
842 532 1052 616 explicandum
1075 557 1158 614 esse,
1184 536 1255 604 Deo

94 655 184 708 teate
198 645 359 711 laetamur.
391 647 443 712 Sic
459 652 541 712 recte
558 646 662 719 etiam,
684 650 847 730 prae‘e‘unto
863 645 897 710 J.
925 646 966 710 D.
994 645 1251 732 Michaelide,

97 757 313 824 Koohius.

158 1101 177 1163 l
207 1094 310 1164 Tiasa.
332 1095 395 1162 III.
421 1101 475 1163 12.
501 1093 684 1162 Rectissime
705 1102 739 1162 et
760 1104 864 1180 noster
886 1097 938 1165 hio
959 1096 1116 1187 Interpres
1136 1102 1167 1163 et
1186 1097 1254 1167 Ko-

96 1211 252 1292 chius,
278 1216 440 1295 praedante
459 1213 521 1297 jam
539 1211 691 1299 praeclara
712 1213 877 1279 Oalvini
896 1213 981 1280 adh.
1005 1215 1027 1280 l.
1046 1216 1251 1291 annotat-ione,

96 1326 241 1390 omnino
268 1326 512 1412 distinguendam
543 1347 609 1390 esse
631 1333 758 1391 monent
780 1334 841 1412 τὴν
868 1330 1003 1414 ἀγάπην
1025 1333 1070 1405 εἰς
1091 1328 1251 1413 ἀλλήλους

97 1444 168 1508 καὶ
195 1447 242 1516 εἷς
265 1448 406 1518 πάντας.
454 1439 573 1521 Quam,
607 1441 736 1526 pessimo
760 1452 831 1505 sane
858 1441 942 1506 laxae
965 1462 1000 1505 ac
1027 1463 1183 1527 perversae
1204 1443 1252 1508 iu·

97 1555 341 1640 terpretationis
363 1554 519 1641 exemplo,
552 1555 697 1640 explicari
724 1577 812 1641 posse
835 1555 1031 1620 contenderat
1053 1555 1250 1642 Koppins:

99 1691 252 1736 amorem
270 1692 346 1756 arpo
364 1692 414 1735 nos
434 1671 562 1736 invicem
585 1680 613 1736 ct
633 1673 757 1756 puidam
778 1693 891 1736 omncs.
940 1668 1131 1755 Quamquam
1154 1671 1252 1756 ipsum

97 1783 172 1866 jam
199 1783 418 1849 lirendoretum
440 1782 518 1848 malo
540 1782 687 1849 habuerat
710 1783 760 1849 hic
781 1783 878 1848 locus.
919 1783 1060 1848 Profecto
1076 1804 1138 1868 quo
1157 1787 1255 1871 magis

104 1895 279 1961 dolendum
310 1901 356 1961 est
386 1895 511 1962 Ethices
539 1896 729 1962 Christianae
746 1897 911 1976 ¹Doctores
941 1919 1003 1962 non
1030 1918 1142 1982 pancos
1164 1904 1253 1983 atque

102 2008 285 2076 Homiletas
303 2011 501 2099 santernum,
533 2033 594 2097 qno
616 2034 646 2078 sc
668 2012 795 2077 invicem
817 2011 975 2096 complecti
998 2033 1051 2095 par
1073 2017 1120 2076 est
1140 2011 1250 2078 Chris·

106 2129 234 2201 tianos,
259 2150 396 2217 amorem
419 2149 495 2194 cum
511 2150 610 2194 amore
637 2128 808 2192 confudisse
831 2148 904 2210 erpa
928 2147 1029 2191 omnes
1055 2127 1120 2189 sine
1145 2126 1252 2193 discri-

111 2241 197 2305 mine
220 2240 376 2320 dominam
403 2261 439 2304 oo
462 2241 574 2325 majore
593 2241 663 2325 jure
685 2240 851 2306 laudandos
873 2242 1025 2319 existimo,
1052 2244 1105 2326 qui
1129 2243 1252 2310 meliora

112 2353 307 2436 docuerunt,
332 2354 555 2418 recentissimos
576 2352 761 2438 interpretes
783 2353 797 2439 (
821 2358 845 2436 ).

160 2687 478 2757 liberantis.
519 2693 618 2760 Μετὰ
642 2697 778 2761 πάντων
803 2698 868 2761 τῶν
895 2694 998 2774 ἁγίων
1023 2696 1134 2762 αὑτοῦ.
1184 2691 1247 2761 Ubi

111 2805 193 2890 qnod
216 2805 377 2883 nonnullos
399 2804 528 2871 Codices
550 2810 619 2869 ante
635 2804 737 2888 ἁγίων
756 2805 935 2871 vocabulum
953 2807 1138 2891 ’Aryiiove
1154 2808 1248 2874 inter·
1276 2790 1280 2802 s

112 2940 214 2983 serere
235 2919 357 2998 ferunt;
383 2919 489 3004 procul
512 2917 605 2983 dnbio
627 2917 774 3003 glossema
792 2925 849 2995 est,
873 2921 924 2986 sed
945 2921 1041 3007 quod,
1066 2922 1092 2986 si
1114 2922 1192 2987 iorte
1216 2925 1248 2988 in

113 3032 291 3099 melioribus
312 3039 401 3119 atque
420 3031 643 3118 antiquioribus
658 3032 841 3118 praesidium
857 3034 1008 3098 inveniret
1030 3033 1169 3113 testibus,
1186 3057 1249 3101 non
1307 3020 1310 3025 ⁵

113 3148 237 3211 omnino
260 3147 378 3212 nullum
397 3145 531 3218 ,haberet
553 3168 642 3211 usum
665 3149 855 3233 caepetiaum.
902 3148 989 3214 Alios
1012 3149 1092 3214 enim
1119 3150 1156 3215 de
1179 3151 1249 3216 Aa·

112 3262 188 3345 palia
210 3261 326 3326 dictum
350 3283 455 3346 capere
477 3263 635 3338 novimus,
661 3263 735 3327 alios
758 3263 795 3326 dc
822 3261 938 3328 Uiriato
959 3266 1137 3329 consecratis
1152 3286 1186 3328 ao
1201 3268 1250 3351 pie

113 3375 264 3442 defunctis
283 3375 466 3442 luminibus.
515 3376 613 3453 Unice
636 3394 736 3442 veram
760 3397 824 3440 esse
846 3377 977 3461 priorem
1001 3378 1159 3458 rationem,
1179 3398 1248 3444 cum

114 3510 150 3552 ex
173 3487 295 3553 Veteris
325 3488 529 3564 Testamenti,
561 3493 592 3553 et
615 3487 761 3554 Hebraici
788 3493 819 3552 et
842 3489 970 3568 Graeci,
1004 3511 1061 3554 usu
1084 3490 1246 3573 loquendi,

115 3605 177 3666 tum
199 3624 237 3666 ex
261 3601 415 3691 doctrinae
437 3603 520 3667 Novi
543 3602 628 3667 Test.
654 3603 793 3689 analogii
815 3603 902 3667 docte
926 3603 1179 3669 demonstrantem
1204 3607 1248 3668 vi·

116 3715 542 3783 demnsLiinemannum.
568 3716 670 3783 Nihili
684 3737 754 3780 sano
771 3717 1076 3802 Baumgartenii
1099 3717 1244 3797 crusii,

116 3833 247 3914 quamvis
266 3830 409 3917 praeclari
428 3830 589 3917 Theologi‚
612 3833 762 3896 sententia
780 3838 840 3908 est,
864 3832 980 3915 duplici
998 3832 1248 3916 interpretatione

128 4020 262 4041 ·-—··-·s

149 4150 186 4214 (l)
205 4149 318 4202 Omnino
335 4153 503 4203 consulantur
520 4149 642 4204 Iiwaldi
668 4147 740 4204 illst
765 4161 841 4205 oratt.
860 4167 957 4217 sacrae,
976 4171 1041 4221 qnae
1058 4156 1191 4207 dicuntura
1208 4152 1248 4209 De

124 4235 271 4308 reserarem
286 4261 333 4295 aaa
350 4245 379 4294 aa
395 4241 510 4297 zeraam
527 4246 569 4296 aa
587 4244 758 4298 crastenum
764 4263 774 4309 ,·
789 4245 868 4296 nora.
881 4252 956 4306 1801,
967 4249 1042 4299 nom.
1051 4245 1087 4307 11,
1101 4264 1125 4312 p.
1136 4228 1250 4301 ae-aa

125 4331 202 4401 lisque
218 4340 286 4389 enim
302 4351 457 4404 quemquam
473 4341 543 4398 nori,
562 4341 607 4403 qni
625 4347 772 4404 atrumque,
788 4336 819 4390 de
837 4350 888 4403 quo
908 4340 1020 4403 agimus,
1043 4339 1156 4392 officium
1174 4351 1247 4390 noco·

104 4488 108 4494 ,
126 4430 191 4480 ratim
207 4439 233 4483 et
249 4431 396 4482 distinxerit
413 4440 439 4482 et
457 4433 634 4498 explicaverit.

1094 4529 1113 4589 il
