2782 4958
530 133 569 174 nu
593 129 695 174 ursurs
718 128 918 172 ununrroncs.
1179 90 1184 100 ⁸
1248 110 1289 170 95

135 300 326 385 Euangelio
357 297 501 363 chcouco
523 297 733 374 notationem,
763 315 840 378 qnae
864 294 1034 359 Marcionis
1055 293 1088 357 in
1117 295 1292 359 recensione

133 413 195 496 (si
219 410 294 476 baec
312 411 449 476 recensio
467 411 581 495 potins,
598 429 689 493 quum
704 406 886 472 adulteratio
904 406 1032 471 dicende
1045 408 1103 493 est)
1119 407 1168 472 vel
1183 409 1293 473 omissa
1316 385 1320 392 ’

132 527 218 589 sint
240 525 290 590 vel
311 526 430 590 diverso
451 525 540 588 modo
562 524 672 587 tradita
695 528 828 600 exstent,
844 521 1008 607 diligenter
1022 521 1182 587 indicavit.
1208 523 1293 589 Haeo

132 637 253 722 igitur
276 639 342 722 ipsu
363 640 397 702 in
419 639 563 722 Synopsi,
586 638 634 702 rel
658 639 811 722 superiore
839 637 886 702 vel
909 637 1009 702 rnedit
1032 637 1177 722 cujusque
1200 639 1292 724 pagi·

134 772 211 816 nae
234 757 331 838 parte,
358 755 564 822 continentur.

201 1089 261 1154 Sed
285 1089 362 1166 alis,
388 1111 445 1154 nec
467 1089 544 1154 levia
569 1090 638 1165 illa,
665 1090 774 1154 infime
800 1089 989 1175 singularum
1017 1089 1195 1175 paginarum
1211 1093 1294 1175 perte

125 1202 297 1267 criticm
333 1207 401 1288 post
435 1203 581 1268 traditum
611 1208 807 1288 apparatum,
839 1204 1016 1289 consignate
1053 1206 1182 1267 exstent.
1231 1201 1294 1267 Hic

121 1317 235 1381 enim
259 1317 341 1402 qnod
363 1323 520 1402 supererat
541 1319 672 1403 epatium
695 1317 727 1382 in
751 1321 913 1402 quaternos
935 1316 1066 1380 divisum
1083 1320 1235 1400 comparet
1249 1315 1293 1379 lo·

123 1432 255 1496 culos.
303 1431 442 1504 Quorum
469 1431 593 1518 primo
608 1432 739 1516 reposita
767 1435 840 1495 snut
869 1451 946 1514 qnae
975 1451 1012 1495 er
1040 1430 1226 1514 Eucnpeliis
1247 1429 1307 1493 vel'

123 1545 341 1630 euangelicis
352 1544 579 1621 traditionibus,
599 1547 686 1630 apud
698 1543 1033 1610 Iudaeo-Christianos
1044 1545 1175 1622 usitatis,
1188 1565 1293 1610 aevum

131 1660 309 1725 tulerunt.
360 1660 419 1725 Ubi
439 1682 500 1725 non
523 1660 689 1724 frustrate
711 1660 920 1744 quaesiturum
943 1680 1007 1721 esse
1029 1658 1118 1722 facile
1132 1658 1291 1744 intelligis,

127 1793 231 1858 (puae
254 1774 292 1839 ed
315 1775 521 1860 Euanpelium
543 1772 762 1838 Hebraeorum
785 1774 911 1857 ejusque
934 1774 1059 1850 formas,
1082 1772 1236 1836 Ebionitis
1260 1795 1294 1836 ac

134 1885 319 1954 Nazaraeis
341 1890 563 1973 frequentatas,
587 1889 707 1952 disertis
738 1889 932 1972 antiquorum
955 1889 1137 1950 testimoniis
1160 1889 1294 1951 reserun-

136 2007 228 2079 tur,
260 2000 309 2067 vel
332 2003 371 2067 iis
394 2003 615 2087 quodammodo
643 2008 725 2067 certe
748 2003 847 2066 affinia
870 2006 954 2066 sunt.
1003 2000 1060 2064 Sed
1085 2001 1123 2063 iis
1146 2023 1181 2064 ee
1204 2001 1293 2065 etiam

144 2116 325 2202 adjicienda
343 2119 462 2202 putavit
473 2121 602 2194 Auctor,
620 2139 696 2202 quae
714 2123 866 2202 praeterea
882 2114 990 2179 inillis
1006 2114 1071 2198 ejus
1087 2115 1193 2178 aetatis
1207 2113 1295 2179 libris

148 2240 295 2312 exstant,
321 2234 375 2318 qni
404 2239 505 2318 aperte
538 2229 585 2296 rel
615 2232 688 2296 satis
717 2230 913 2316 probabiliter
937 2253 953 2293 a
975 2228 1294 2294 luriaco-Christianis

146 2348 282 2434 proiecti
297 2353 378 2412 sunt.
402 2349 441 2412 ln
458 2347 569 2432 quibus
586 2347 766 2410 nominatim
786 2344 991 2431 Euangelium
1008 2345 1231 2430 Aeppptioruns
1248 2366 1293 2408 re·

154 2468 259 2527 censet
281 2468 312 2527 et
336 2461 493 2527 Homilius
519 2458 731 2544 Clementinos.
755 2497 796 2508 -
817 2459 923 2524 Altero
945 2459 1048 2523 loculo
1070 2459 1151 2523 dicta
1174 2480 1208 2522 ac
1232 2465 1292 2522 tes-

154 2577 309 2656 timonie,'
335 2577 373 2655 si¹
393 2598 469 2662 ques
499 2576 533 2640 in
564 2596 686 2639 censum
719 2571 899 2652 veniebant,
930 2573 1126 2638 continentur
1160 2572 1293 2638 Petrum

154 2690 408 2776 apostolicorum,
432 2711 561 2774 quorum
585 2689 715 2754 maxime
737 2694 818 2786 certe
841 2709 910 2772 pars
932 2687 964 2751 in
985 2688 1203 2772 antiquissimis
1223 2711 1293 2752 cen·

155 2805 245 2868 sende
268 2809 315 2868 est
337 2804 488 2869 Ecclesiae
511 2804 675 2869 catholicae
695 2800 902 2886 scriptoribus.
919 2835 964 2850 -
978 2802 1155 2867 Proximum
1172 2801 1219 2864 bis
1234 2801 1293 2866 Pa·

155 2918 256 2983 tribus
277 2919 431 2999 loculum,
456 2920 580 2984 tertium
603 2919 701 2998 illum,
727 2919 870 2984 Juelinua
892 2916 1091 3003 habetisque
1113 2919 1176 2983 iere
1196 2907 1287 2990 solus,

156 3052 222 3096 cum
246 3036 369 3117 propter
391 3032 510 3119 insigne
533 3036 718 3097 momentum
743 3053 778 3095 ac
801 3031 946 3116 pretinm,
972 3030 1053 3115 quod
1077 3030 1113 3094 ad
1136 3030 1291 3095 illustran-

157 3146 221 3211 dam
256 3147 494 3232 Euangeliorum
527 3147 683 3213 historiam
715 3147 799 3211 illius
829 3144 941 3210 habent
971 3148 1291 3232 ἀπομνημονεύματα
1374 3155 1375 3159 ’

159 3267 221 3330 τῶν
242 3263 479 3340 ’Aeserniam
509 3267 575 3326 tum
604 3267 726 3348 propter
756 3283 910 3346 magnum,
939 3282 1030 3345 quem
1053 3260 1124 3323 inde
1147 3281 1215 3323 enm
1241 3261 1292 3323 dc·

158 3375 316 3458 promsisee
339 3378 489 3458 novimus,
507 3378 720 3464 exemplorum
744 3377 868 3461 copiam.
902 3375 961 3438 His
984 3379 1095 3453 eutem,
1122 3393 1191 3436 cum
1216 3376 1292 3458 epis·

160 3489 234 3553 iolas
265 3489 309 3554 ad
331 3483 519 3575 Diopnetuns
547 3495 612 3556 tum
641 3490 786 3570 Tuliassi,
812 3510 887 3573 quae
912 3486 1068 3552 referenda
1097 3483 1290 3566 videbuntur,

160 3602 236 3667 dicta
266 3605 457 3668 continenter
488 3607 639 3690 apposnit.
674 3643 717 3654 -
746 3603 895 3684 Quantum
925 3602 1047 3667 tandem
1081 3603 1113 3665 in
1136 3601 1289 3681 loculum,

161 3719 252 3799 spatio
274 3719 461 3802 parcituruS,
483 3720 626 3796 aliorum,
650 3720 705 3803 qui
728 3717 920 3803 aptioribus
943 3714 1089 3780 classibus
1113 3713 1292 3801 sejungendi
1315 3751 1333 3770 ι

162 3836 258 3909 erunt,
282 3855 372 3896 voces
395 3836 565 3918 congessit,
596 3856 701 3897 omnes
730 3834 792 3897 iere
824 3831 891 3895 illes
915 3830 1013 3895 medio
1037 3830 1139 3894 seculo
1162 3829 1293 3894 secundo

162 3947 347 4026 posteriores.
396 3947 460 4013 Ubi
483 3949 580 4033 igitur
610 3949 701 4012 modo
727 3947 850 4011 ultimos
881 3944 972 4030 hujus
996 3945 1101 4007 aetatis
1132 3944 1294 4028 scriptores

165 4061 333 4142 catholicos,
359 4065 448 4128 modo
470 4063 657 4139 haereticos,
683 4062 773 4126 modo
800 4059 919 4126 Celsum
942 4061 1121 4123 acerrimum
1145 4058 1292 4123 Christia-

166 4192 264 4246 norum
287 4179 507 4257 adversarium,
531 4202 569 4244 ex
592 4199 647 4243 suo
670 4197 805 4261 quosque
829 4195 917 4256 sensu
941 4177 971 4237 et
993 4173 1127 4258 ingenio,
1148 4175 1293 4237 narratio·
