2828 4950
611 345 786 386 rneonoors.
1200 329 1262 389 169

135 496 230 577 neret.
277 510 398 582 Quibus
422 532 457 572 ex
489 510 612 573 monitis
642 516 672 573 et
695 509 878 595 'theologiae
902 511 1046 594 proficere
1081 519 1206 596 possunt
1237 519 1269 576 et

136 607 393 711 Anthropologiae
416 647 451 688 ao
473 624 691 710 Psychologiae
714 625 851 688 studiosi,
900 624 983 687 Haec
1012 627 1091 690 enim
1115 628 1186 692 libri
1210 630 1268 693 ele·

136 740 321 825 gratissimi,
347 760 408 822 quo
431 741 468 802 dt
483 740 621 821 fitndutd
644 763 680 804 ac
707 740 873 825 pudcmatti
895 738 934 801 ab
965 741 992 802 A
997 742 1123 824 postolis
1158 739 1270 806 Christi

136 856 273 919 Ecclesid
296 855 479 938 disputatur,
505 856 664 939 praecipua
686 856 750 919 laus
773 876 838 918 esse
861 856 1008 918 censenda
1031 862 1077 919 est
1101 860 1160 941 (l).

182 970 300 1032 Verum
332 974 404 1033 utut
432 970 549 1033 utiliter
580 991 615 1043 ac
647 969 777 1033 feliciter
805 972 836 1032 in
868 969 935 1032 aliis
966 991 1066 1034 sacrae
1097 971 1271 1055 disciplinae

136 1083 273 1168 partibus
306 1089 440 1146 versatus
470 1085 531 1156 sit,
570 1084 682 1147 nullam
712 1090 827 1182 tamen·
843 1089 905 1146 tam
937 1083 1087 1168 praeclare
1118 1083 1268 1158 excoluit,

136 1198 249 1261 nullam
273 1200 365 1262 tantis
388 1199 538 1261 demeruit
561 1200 679 1271 officiis,
705 1219 794 1282 quam
818 1197 983 1270 Ecclesiae,
1008 1200 1189 1263 constitutae
1209 1198 1270 1281 jam

140 1332 174 1375 ac
204 1311 327 1374 Christo
358 1309 443 1393 Rege
478 1318 623 1394 perpetuo
657 1321 860 1388 conservatae,
887 1309 1078 1377 Historiam.
1126 1314 1195 1377 Hdc
1218 1335 1272 1397 po·

138 1428 288 1490 tissimum
320 1427 353 1488 in
388 1425 528 1489 Historia
559 1427 709 1510 regnavit.
771 1425 873 1509 Hujus
907 1430 1058 1492 neminem
1092 1450 1272 1512 quemquam

139 1542 262 1605 meliore
282 1541 352 1624 jure
376 1526 536 1603 Vindicem
561 1539 673 1603 dixeris
698 1561 731 1602 ac
753 1541 914 1604 Statorem.
949 1542 1073 1606 Caetera
1089 1544 1185 1628 igitur
1207 1544 1275 1606 aliis
1343 1563 1346 1568 ’

90 1733 91 1737 ¹
138 1655 342 1740 persequenda
359 1654 545 1737 relinquens,
562 1654 652 1738 hujus
668 1656 816 1738 imprimis
828 1655 1028 1738 interpretem
1044 1678 1078 1719 ac
1092 1655 1274 1743 Magistrum

139 1790 208 1833 eum
232 1769 501 1832 commendandum
525 1770 695 1832 existimavi
720 1790 754 1831 ac
778 1769 998 1833 celebrandum.

184 1883 253 1947 Nec
284 1889 384 1945 tamen
415 1882 452 1944 de
489 1882 559 1944 Vtra
586 1883 676 1957 deso,
703 1882 738 1944 ab
763 1903 798 1945 eo
822 1885 1011 1966 conscripti,
1046 1885 1119 1967 quid
1148 1887 1275 1949 sentiam

140 1996 389 2084 prudentioribus
409 1996 607 2079 judicandum
640 1998 814 2078 permittere
842 1996 924 2059 nolo.
974 1995 1074 2060 Multa
1097 2001 1161 2062 sine
1184 1999 1277 2063 dubio

140 2113 217 2177 liber
241 2113 389 2190 continet,
422 2112 457 2174 ad
487 2111 602 2175 Christi
627 2115 658 2173 et
680 2111 835 2173 historiam
859 2111 1066 2175 illustrandam
1087 2106 1123 2176 ¹et
1145 2113 1277 2177 divinam

140 2228 317 2311 sapientiam
341 2225 546 2308 explicandam
571 2226 681 2288 eximie
714 2232 893 2308 comparata.
942 2229 1044 2308 Atque
1068 2227 1106 2287 iis
1129 2226 1278 2310 imprimis

179 2552 216 2618 (1)
236 2551 372 2603 Gescdiclste
388 2552 433 2602 der
449 2551 586 2616 Pfluszunp
606 2568 630 2601 u.
651 2551 752 2616 Leitunq
771 2551 814 2602 der
834 2551 930 2602 Christi.
948 2551 1038 2614 Kircha
1055 2551 1129 2601 durch
1145 2552 1183 2602 dic
1199 2553 1279 2620 Apos-

142 2647 181 2698 tei.
217 2647 265 2698 Ats
289 2645 482 2710 selbststdndiper
505 2643 635 2709 Nachtrup
654 2661 684 2693 zu
701 2645 744 2694 dar
766 2645 823 2707 aliq.
843 2643 978 2694 Geschichte
1004 2645 1046 2694 dar
1063 2644 1158 2695 uisset.
1178 2645 1232 2695 Rei.
1253 2665 1277 2697 u.

141 2742 250 2803 Ks'rche5
267 2741 358 2811 Hamb.
379 2748 451 2792 1832.
469 2742 496 2790 lI
515 2742 611 2790 Tomis.
638 2742 750 2790 Primam
770 2743 833 2790 hanc
850 2740 987 2788 editionem
1006 2746 1030 2787 et
1044 2739 1108 2788 allae
1126 2749 1281 2804 exceperunt
1361 2745 1367 2756 “

142 2845 167 2888 et
185 2844 290 2901 quarta,
311 2836 403 2886 Hamb.
425 2837 497 2884 1847.
534 2833 605 2894 Quae
630 2835 666 2883 its
685 2849 738 2883 sese
752 2843 852 2883 auctam
871 2832 1020 2896 profitetur,
1042 2840 1070 2880 ut
1088 2847 1190 2894 eorum,
1215 2848 1280 2897 quse

141 2935 174 2981 de
190 2930 272 2981 Lucae
289 2931 338 2979 fide
355 2929 475 2978 historicis
488 2927 663 2976 ‚recentissimi
684 2927 843 2990 disputarant
864 2923 960 2980 Oritici,
986 2926 1050 2972 ratio
1064 2925 1119 2985 jam
1137 2907 1171 2974 sit
1186 2927 1279 2975 hahita.

142 3025 197 3074 Nec
215 3039 280 3073 vana
297 3025 358 3072 haec
375 3010 497 3086 professio
514 3029 562 3069 est.
598 3020 653 3068 Nec
669 3030 762 3082 paucas
781 3020 848 3067 enim
867 3026 970 3066 strenue
994 3016 1087 3066 refellit
1112 3016 1210 3066 Bauri
1234 3021 1282 3068 dn·

146 3119 280 3170 bitationes
301 3117 491 3178 captionesque.
528 3115 593 3163 Item
612 3112 732 3175 epistolae
749 3112 780 3159 ad
804 3108 925 3172 Ephesios
952 3107 1135 3158 Paullinam
1159 3111 1281 3160 adversus

144 3210 362 3262 De·Wettium
388 3209 572 3257 defendendam
596 3205 700 3266 suscipit
719 3204 853 3266 originem.
890 3201 940 3249 Vel
960 3202 996 3248 sic
1014 3207 1099 3250 tamen
1124 3202 1160 3250 ita
1177 3202 1282 3251 subinde

146 3304 290 3368 Scepticum
305 3303 358 3364 agit
376 3302 441 3364 ipse,
460 3309 488 3349 nt
507 3299 636 3348 nonnullis
655 3296 737 3346 Lacca
761 3293 950 3343 narrationibus
970 3292 1045 3341 fidem
1068 3292 1209 3342 habendam
1229 3307 1283 3343 esse

146 3411 241 3462 negare
259 3397 382 3445 videatur.
420 3393 478 3454 Quo
500 3393 569 3441 illius
587 3393 618 3440 de
636 3389 800 3452 Scepticismo
821 3385 939 3434 nonnulli
965 3384 1040 3433 etiarn
1060 3386 1193 3446 conquesti
1209 3393 1282 3441 sunt,

148 3493 192 3555 qui
209 3490 267 3539 libri
284 3491 354 3537 dotes
371 3487 455 3550 ample
475 3486 627 3545 laudabant,
645 3483 780 3534 Censores.
814 3480 880 3528 Mihi
904 3478 1028 3541 imprimis
1053 3477 1121 3526 lectu
1138 3477 1210 3539 digni
1228 3492 1283 3528 esse

147 3586 266 3634 videntur
282 3582 435 3644 Klingius
457 3561 560 3639 (Theol.
576 3576 672 3638 Prot),
695 3578 721 3624 in
742 3573 780 3624 N.
797 3571 855 3622 Jen.
874 3569 931 3631 olip-
950 3568 999 3618 La.
1016 3568 1093 3628 Zeta,
1108 3571 1140 3646 ad
1158 3585 1182 3618 a.
1203 3574 1283 3630 1842,

148 3675 194 3725 N0.
212 3680 259 3723 301
281 3688 334 3736 sqq.
350 3671 401 3732 (cui
420 3680 514 3729 tamen,
534 3671 611 3718 hocca
630 3684 694 3734 opus
709 3666 813 3718 caeteris
832 3666 973 3715 Neandri
997 3664 1097 3727 scriptis
1114 3663 1283 3726 praestantius

149 3768 225 3818 etiam
243 3766 359 3822 habenti,
379 3764 484 3813 minime
507 3762 635 3821 assentio).
659 3788 691 3799 -
719 3763 818 3810 Deinde
844 3759 1015 3821 Anonymus,
1042 3757 1069 3804 in
1095 3754 1232 3805 Brunsii
1258 3761 1284 3805 et

148 3857 285 3907 Htfneri
303 3871 372 3904 acuas
396 3854 491 3918 Rapert.
511 3857 542 3904 ad
564 3871 598 3903 m.
620 3855 674 3904 Jul.
694 3858 768 3913 1847,
787 3870 812 3917 p.
837 3858 918 3914 lsqq.
938 3875 970 3886 ·-
995 3849 1062 3896 Tum
1084 3849 1115 3896 L.
1139 3849 1283 3910 Peisius,
1332 3883 1342 3892 κ

125 3966 128 3969 ·
148 3955 176 4002 in
193 3950 330 3999 Reuieri
350 3947 407 4012 altp.
426 3946 523 4010 Rapcrt.
541 3951 571 3997 ad
593 3965 626 3996 m.
642 3948 751 3997 Januar.
780 3952 852 4004 1849,
871 3962 895 4008 p.
912 3949 944 3992 26
962 3958 1015 4006 sqq.
1040 3968 1072 3977 -
1098 3943 1181 3991 Porro
1206 3942 1231 3992 J.
1249 3942 1281 3992 F.

149 4059 209 4093 van
229 4042 343 4099 Ocrdt,
361 4041 389 4090 J.
408 4039 442 4089 G.
461 4041 488 4097 t,
508 4041 581 4103 cnjus
600 4043 672 4090 valde
690 4043 791 4105 copiosa
807 4040 895 4088 relatio
916 4038 1026 4100 reposita
1041 4037 1115 4083 estin
1129 4051 1169 4098 op.
1183 4034 1283 4084 Wucrh.

148 4139 174 4186 ἐπ
189 4134 290 4200 Liafctc,
308 4139 380 4184 1842.
399 4139 423 4181 2.
441 4149 464 4194 p.
482 4139 624 4183 ssi-405.
966 4136 968 4139 ’

183 4227 393 4278 Nederlandicam
421 4226 479 4276 libri
513 4227 745 4290 interpretationem
778 4240 854 4287 supra
879 4223 932 4285 jam
965 4221 1065 4269 laudato
1103 4206 1224 4267 debemus
1253 4217 1282 4266 J.

149 4319 301 4382 Meijor03
322 4317 400 4368 Gron.
423 4326 485 4368 1844
510 4335 547 4382 sq.
568 4321 595 4368 lI
613 4319 711 4367 Tomis.
747 4319 827 4382 Cujus
852 4332 955 4381 operam
973 4316 1045 4362 raldo
1070 4313 1154 4362 laudat
1175 4310 1282 4368 Censor,

151 4416 178 4464 in
199 4411 295 4477 chqel.
316 4411 400 4477 Bijtlr.
425 4418 498 4471 1815,
520 4429 542 4475 p.
562 4417 610 4467 351
629 4428 683 4476 sqq.
