2782 4958
126 319 169 381 56
618 336 768 379 nonnemo

127 502 328 599 Trajectinec
341 502 535 577 Diceceseos
549 503 830 601 Areliepisaopum.
859 503 977 576 Totum
991 503 1123 602 quidem
1138 506 1232 604 Operis
1275 596 1277 615 Ι

126 615 356 724 argumentum
383 627 467 700 binis
492 626 690 701 concludere
712 626 858 701 voluerat
878 627 996 701 Tomis.
1033 631 1153 703 Verum
1173 656 1235 703 con·
1275 620 1277 639 ³

127 749 235 822 silium
262 764 389 824 mutare
421 750 529 848 coegit
561 750 667 836 illius,
692 775 780 850 quae
814 751 983 824 tractanda
1009 752 1236 841 succrescebat,

128 875 283 948 materiae
305 873 449 948 ambitus
466 887 565 973 atque
585 873 729 947 ubertas.
766 873 887 948 Iccirao
909 899 994 974 quae
1014 875 1057 947 ed
1074 888 1238 974 temporum

128 995 257 1070 illorum
281 998 457 1070 doctrinam
479 998 686 1097 pertinebant
707 1024 746 1071 ac
769 998 886 1070 cultum
909 1023 1035 1071 saonam
1057 1011 1091 1072 et
1113 997 1239 1096 donet

127 1141 204 1192 nam
223 1119 460 1193 ecclesiastcam
487 1119 615 1221 aliaque
644 1119 796 1194 cumbis
831 1121 1005 1218 conjuncta
1042 1121 1146 1210 tertio,
1167 1119 1241 1218 quod

127 1241 290 1339 subjicere
311 1243 490 1340 cogitabat,
520 1243 677 1316 Volumim'
698 1267 864 1317 reservare
885 1241 1039 1316 decrevit.
1082 1243 1144 1317 Cui
1161 1242 1241 1316 etiam

127 1363 232 1437 eidem
261 1364 427 1438 Volumini
451 1363 618 1438 historiam
644 1389 757 1438 earum
778 1364 997 1439 destinaverat
1021 1363 1241 1440 Nedcrlandiae

127 1487 369 1577 Ecclesiarum,
390 1513 475 1587 quae
497 1487 812 1586 Rheno-Traiectim's
836 1514 901 1561 non
926 1501 1105 1586 paruerant
1123 1488 1242 1587 Episoo

128 1612 179 1709 pis
194 1612 256 1709 (1).
296 1612 356 1686 Vel
377 1612 424 1684 sic
443 1625 551 1685 tamon
569 1611 656 1699 bina,
670 1637 755 1710 quae
772 1613 839 1710 jam
861 1611 945 1685 edita
965 1626 1069 1702 erant,
1085 1611 1242 1686 Volumina

128 1734 291 1833 integrum
315 1734 449 1834 aliquod
466 1736 560 1834 Opus
580 1734 748 1808 continere
770 1734 928 1824 affirmat,
946 1734 1015 1809 suis
1038 1734 1184 1834 partibus
1197 1733 1242 1807 ab·

128 1858 273 1931 solutum
303 1857 383 1932 illud
403 1857 465 1956 (2).
518 1860 628 1947 Certe,
655 1858 744 1958 quod
766 1871 877 1945 antea,
902 1883 1001 1958 quam
1031 1857 1241 1956 gravissimum

128 1980 225 2080 plene
243 1984 376 2080 exsequi
395 1981 554 2080 potuisset
576 1980 764 2070 consilium,
792 1981 943 2054 humanis
967 1993 1018 2053 est
1039 1981 1140 2053 rebus
1162 2004 1242 2078 erep·

128 2117 183 2177 tus
208 2104 407 2194 Historious,
433 2105 605 2178 maximam
628 2105 706 2178 fecit
724 2109 888 2201 jacturam
914 2105 998 2203 ipsa,
1026 2102 1242 2202 inquesitas

127 2229 374 2303 tabernaculum
403 2241 573 2328 posuerat,
599 2227 750 2300 Historia.
795 2227 936 2316 Verum,
963 2225 1032 2300 sive
1058 2227 1134 2326 quis
1159 2226 1242 2299 abso-

127 2350 233 2425 lutum
256 2351 358 2425 hocce
380 2353 474 2450 Opus
497 2350 593 2439 dicat,
621 2376 680 2424 seu
702 2348 909 2436 inchoatum3
932 2348 1139 2423 nuncetiam
1161 2346 1241 2422 sicuti

129 2499 165 2547 se
191 2473 308 2563 babet,
330 2474 565 2546 Monumentum
581 2471 718 2546 Auctori
739 2475 878 2570 caepisse
897 2471 1098 2546 censendum
1121 2485 1170 2545 est
1183 2495 1241 2543 aere

125 2598 304 2692 perennius.
357 2596 455 2682 Quod
478 2622 556 2669 sane
581 2621 648 2696 quo
676 2594 862 2669 accuratius
881 2594 1035 2694 aequales
1060 2593 1195 2692 legerint
1212 2616 1240 2664 aa

127 2718 269 2816 posteri,
293 2744 332 2791 eo
359 2719 483 2792 minore
507 2743 582 2791 cum
604 2717 808 2791 dubitatione
827 2715 1059 2789 Schulteuio
1079 2715 1150 2814 (3),
1174 2712 1240 2787 Del·

126 2840 259 2938 pratia
284 2840 357 2938 (l),
381 2840 582 2915 Buslrenio
611 2843 713 2914 Huet
736 2840 786 2940 (5)
812 2839 948 2939 aliisque
972 2838 1151 2912 assentiant
1172 2835 1240 2912 Viris

127 2963 340 3053 doctissimis,
364 2965 421 3063 qui
439 2964 552 3037 eodem
576 2964 648 3053 hoc,
673 2989 739 3063 quo
768 2962 981 3063 praecedens,
999 2961 1161 3061 complexi
1180 2969 1240 3032 sunt

125 3087 247 3184 judicio
287 3087 623 3162 honorificentissimo.
679 3089 763 3160 Nam
799 3112 861 3183 ego
895 3098 1000 3174 certa,
1041 3104 1238 3185 quascunque

127 3212 226 3308 priori
243 3210 287 3282 illi
307 3211 406 3285 tribui
426 3211 557 3303 laudes,
577 3237 651 3285 cum
670 3210 733 3284 boc
749 3237 804 3285 eas
825 3208 1114 3283 communicandas
1129 3230 1237 3282 censeo.

127 3333 360 3409 Difficillimum
395 3337 479 3409 enim
512 3348 741 3433 argumentum
769 3334 796 3407 si
824 3332 1016 3406 introductae
1048 3335 1084 3404 in
1109 3327 1238 3405 Patriam

130 3455 329 3530 Christianae
352 3458 525 3556 Relipionis
545 3459 690 3531 Historia
711 3457 873 3544 habebat3
893 3482 957 3529 nou
981 3456 1108 3529 minora
1129 3456 1177 3527 tto
1189 3449 1235 3526 sib'

128 3579 313 3676 superanda
331 3581 411 3653 vidit
433 3581 601 3655 obstacula
621 3594 720 3680 atque
743 3571 974 3679 impedimenta
995 3593 1176 3680 temporum
1195 3579 1234 3649 ln·

135 3760 276 3768 -———-——

166 3879 213 3948 (1)
232 3878 298 3932 Non
318 3878 520 3932 contemnendo
539 3894 653 3933 numero
674 3894 720 3932 eas
738 3877 823 3934 fuisse
842 3878 990 3945 Ecclesiae,
1011 3897 1047 3934 ex
1068 3883 1186 3935 accurate
1198 3891 1230 3946 ap·

128 3983 209 4049 peret
228 3993 321 4030 earum
341 3975 496 4043 notatione,
517 3976 599 4031 Tam.
621 3976 647 4030 1.
668 3996 697 4048 p.
717 3982 857 4032 92-100.

167 4076 213 4147 (2)
234 4075 299 4130 Vid.
316 4075 458 4144 praefatio,
479 4075 546 4130 Vol.
566 4075 592 4130 Ι.
613 4093 642 4148 p.
666 4076 770 4133 XVIII
788 4084 818 4132 et
840 4077 905 4133 Vol.
926 4077 968 4132 11.
989 4097 1018 4151 p.
1040 4077 1094 4135 IX.
1113 4078 1150 4134 X.

166 4176 213 4246 (3)
238 4174 310 4229 Vitae
328 4174 403 4228 laud.
422 4192 452 4245 p.
474 4180 521 4229 59.

166 4271 213 4343 (t)
232 4270 299 4327 Vid.
324 4277 451 4326 accurata
469 4271 551 4343 hujus
575 4289 706 4342 censura,
725 4273 754 4327 iu
775 4274 941 4346 Nyboffii
963 4276 1102 4348 sz‘drapen
1118 4292 1170 4330 ocor
1184 4267 1225 4325 tad·

131 4369 263 4424 Geseltieel.
287 4389 318 4426 en
334 4372 475 4426 Oiulleeidl.
496 4371 582 4428 VIII.
604 4379 631 4427 2.
655 4391 681 4445 p.
701 4379 734 4428 31
756 4391 836 4448 seqq.

167 4469 212 4542 (5)
233 4469 296 4525 vio.
318 4487 391 4526 aens.
413 4471 487 4526 laud.
