2782 4958
499 116 539 159 na
562 115 761 159 nornnnnsro.
1155 93 1198 157 ⁶29

75 282 221 374 quaesita,
236 281 349 355 endem
364 294 396 354 et
413 281 606 381 aequalibus
619 281 784 354 facilitavit
800 293 832 354 et
847 280 1023 355 multorum
1037 281 1068 353 in
1083 281 1198 354 animis

73 397 208 478 incendit
223 404 342 495 studia,
359 419 392 478 ct
408 429 449 478 ne
467 419 689 504 torpescerent
702 404 867 502 sapienter
881 403 1041 478 monendo
1059 429 1097 477 ac
1110 421 1197 477 stre·

71 547 136 600 aue
151 527 336 626 praeeundo
356 527 536 601 cavendum
551 527 611 600 sibi
634 527 736 600 duxit.
757 569 801 583 -
823 529 872 600 De
890 527 928 599 iis
941 542 1060 617 autem,
1075 527 1198 626 quibus

10 732 14 739 Ι
68 645 233 725 Ecclesiae
256 650 431 723 Historiam
455 650 681 749 locupletavit,
707 651 865 749 doctrinae
892 652 1096 723 monumentis
1118 649 1198 749 quid

64 767 183 864 dicam,
210 774 289 874 quid
309 774 447 846 maxime
474 773 692 872 praedicabo‘l
741 776 819 847 Tam
842 774 977 872 insignis
998 799 1111 847 eorum
1134 799 1198 846 nu-

61 915 174 972 merus
191 913 256 986 est,
281 911 332 985 ut,
349 897 401 970 vel
422 897 492 970 solo
515 912 691 996 conspecto
716 923 754 970 ac
778 897 915 972 lustrato
937 897 1195 986 illornmIadica,

57 1037 130 1093 non
158 1021 262 1119 possis
287 1046 352 1093 non
381 1021 496 1094 Virum
521 1020 682 1110 admirari,
708 1023 804 1120 cujus
826 1022 967 1096 adhaec
988 1024 1198 1096 omniaoom·

56 1143 252 1233 mentando,
279 1141 465 1232 scribenda,
492 1143 579 1241 typis
607 1143 767 1242 paranda,
792 1144 919 1218 edenda
943 1146 1008 1218 vita
1035 1143 1198 1218 suffecerit

53 1267 322 1365 occupatissima.
359 1267 470 1352 Quum
494 1266 695 1364 praesertim,
716 1266 742 1338 si
766 1292 872 1366 pauca
897 1267 1037 1342 subinde
1061 1268 1196 1341 lestina·

52 1378 160 1462 tionis
187 1390 323 1488 vestigia
345 1389 565 1487 deprehendis
593 1417 631 1464 ac
659 1390 753 1464 nimis
775 1394 980 1490 properantis
1002 1392 1118 1466 indicia
1140 1370 1197 1466 cass

50 1496 154 1602 lami,
180 1512 285 1586 cuivis
310 1513 506 1612 scriptorum
530 1515 667 1613 paginae
690 1514 875 1614 diligentiae
898 1516 1009 1590 videas
1031 1532 1064 1591 et
1084 1515 1198 1589 indus-

51 1635 143 1710 trine
165 1650 198 1709 ct
219 1636 410 1711 eruditionis
434 1653 528 1713 notas
552 1639 727 1736 impressas
749 1653 781 1711 et
807 1640 900 1737 quasi
925 1640 1037 1738 sigilla.
1060 1681 1102 1694 -
1123 1638 1197 1712 Ple-

52 1778 185 1864 raque,
218 1763 359 1863 quibus,
388 1787 473 1851 eam,
504 1762 545 1835 de
575 1765 642 1860 qud
671 1760 824 1850 dicimus,
853 1763 1026 1836 Historiam
1053 1763 1195 1853 ornavit,

52 1889 200 1987 scripta,
229 1892 295 1986 qud
324 1899 401 1960 sunt
427 1885 622 1970 subtilitate,
651 1884 755 1957 doctis
781 1899 817 1959 ut
847 1885 994 1958 doctrina
1015 1898 1198 1983 augeantur

53 2000 262 2097 inserviunt3
291 2009 352 2082 alia
370 2008 528 2108 imperitis
554 2023 589 2082 ut
607 2007 747 2097 discant3
773 2009 850 2098 alia,
871 2023 1011 2108 utroque
1028 2035 1197 2107 exgenere

56 2133 246 2231 prudenter
256 2148 451 2233 temperata,
474 2134 570 2207 ethis
593 2133 747 2233 prodesse
761 2146 916 2232 poterunt
929 2147 961 2206 et
977 2132 1048 2205 illis.
1075 2135 1199 2231 lllagna’

54 2257 258 2356 complexus
286 2257 416 2356 ingenio
441 2257 615 2357 librisque,
649 2258 772 2330 minora
795 2283 861 2330 non
882 2257 1067 2346 contemsit,
1095 2272 1127 2330 et
1155 2283 1196 2331 ne

55 2380 282 2453 minutissima
315 2380 446 2480 quidem
471 2407 556 2482 quae
588 2381 764 2454 illustraret
791 2379 922 2477 indigna
950 2381 1085 2455 censuit.
1138 2381 1197 2453 His

54 2504 150 2578 enim
167 2504 324 2602 neglectis
349 2506 478 2578 illorum
502 2506 554 2576 vix
572 2521 629 2578 aut
645 2531 686 2578 oc
709 2506 760 2577 vir
779 2504 910 2604 quidem
931 2519 1079 2578 constare
1101 2530 1196 2603 posse

50 2626 283 2722 cognitionem
321 2628 488 2701 verissime
508 2627 675 2725 judicavit.
730 2628 818 2715 Quid
848 2628 952 2727 quod,
979 2654 1195 2728 quascunque

54 2775 141 2822 cum
169 2749 336 2823 Ecclesiae
357 2750 499 2823 Historia
526 2751 716 2847 conjunctas
740 2775 812 2823 esse
835 2749 965 2823 videbat
988 2776 1062 2823 cum
1093 2756 1197 2850 etque

49 2873 254 2946 affinitatem
281 2873 404 2946 habere
425 2873 625 2971 disciplinas,
653 2872 760 2972 qualis
785 2873 959 2946 Potristt'oo
976 2888 1025 2946 est
1046 2888 1092 2961 et,
1118 2875 1198 2948 alias

52 3021 106 3071 xre
133 3021 328 3086 memorem,
356 2999 415 3070 Jus
439 2997 690 3086 ecclesiasticum,
713 2998 745 3069 in
770 2998 808 3070 iis
826 2995 1081 3070 commentandis
1098 3011 1197 3096 atque

55 3120 267 3194 illustrandis
292 3146 361 3194 eam
388 3121 531 3221 ponebat
556 3121 766 3211 industriam,
787 3122 872 3194 acsi
895 3120 971 3193 solis
992 3120 1030 3192 iis
1059 3118 1137 3193 darc
1161 3145 1196 3194 se

62 3245 228 3343 potuisset
253 3271 291 3318 ac
317 3248 402 3317 vitae
426 3260 556 3342 tempus
580 3246 691 3319 omne!

117 3373 241 3458 Verum
267 3369 328 3443 alia
352 3369 405 3442 hlc
427 3394 532 3467 pauca
553 3383 630 3442 sunt
656 3367 852 3466 adjicienda,
879 3366 1013 3466 quaesi
1044 3365 1195 3439 reticeam

64 3496 154 3593 justo
179 3493 280 3567 desim
303 3492 455 3590 Collegae
481 3493 606 3566 honori.
658 3495 733 3580 Quo
763 3494 866 3592 primo
889 3508 1036 3590 tempore
1062 3490 1093 3562 in
1113 3490 1197 3562 hanc

68 3641 118 3689 me
135 3616 279 3689 delatum
308 3613 449 3688 videram
472 3615 692 3704 Academiam,
707 3615 827 3689 recenti
851 3616 1080 3714 plerorumque
1094 3615 1197 3688 admi-

68 3741 192 3813 ratione
218 3739 394 3813 Heuedii
424 3740 552 3836 rigebat
577 3766 615 3812 ac
641 3739 780 3812 florebat
797 3739 973 3836 disciplina.
1003 3742 1071 3813 Nec
1089 3754 1196 3812 tamen

70 3864 203 3938 deerant
226 3864 394 3961 Collegae.
413 3863 467 3937 diu
493 3868 558 3961 jam
585 3864 740 3948 defuncti,
760 3863 828 3935 Viri
854 3863 1052 3934 solertissimi
1080 3861 1196 3934 iidem·

70 3996 131 4086 que
158 3988 364 4062 historiarum
388 4003 534 4062 amantes
559 4003 592 4061 et
618 3989 728 4086 periti,
749 4013 833 4086 quos
859 3988 902 4059 ita
922 3985 1061 4059 subinde
1087 3985 1197 4084 dispu-

71 4126 172 4185 tantes
197 4112 361 4199 audirem,
381 4127 417 4186 ut
436 4112 574 4185 Scholae
596 4112 638 4182 illi
665 4125 761 4183 acuta
786 4111 888 4208 magis
919 4111 951 4182 in
976 4109 1097 4182 deliciis
1126 4135 1197 4183 esse

71 4237 302 4311 contenderent
316 4249 415 4334 atque
434 4236 599 4334 ingeniosa
617 4235 657 4309 de
679 4235 812 4309 historia
827 4235 1095 4333 pbilosopbcmota
1117 4260 1196 4306 coo·
