2782 4958
533 353 706 396 rnnonocrs.
1121 339 1188 403 203

53 548 130 591 num
153 524 354 603 Fasciculum‚
384 524 455 604 ubi,
479 546 540 589 non
564 527 679 590 minore
706 546 778 589 usus
800 525 960 608 facundia,
989 526 1114 591 afflictae
1137 529 1191 591 Pa·

53 643 132 706 triae
156 639 194 704 de
224 645 303 705 sorte
331 660 365 703 ac
395 638 570 704 liberatione
596 662 634 703 ne
657 640 831 725 desperent,
864 641 943 705 Vatis
968 642 1080 718 instar,
1104 642 1193 706 cives

54 757 199 820 admonet
221 758 252 818 et
271 751 444 818 adhortatur
469 751 532 837 (1).
561 791 602 800 -
627 752 694 818 Hae
716 753 812 838 igitur
830 751 1046 837 pulcherrimae
1068 754 1194 818 fuerunt

54 868 249 936 consolatorii
280 868 399 954 generis
429 868 604 945 conciones,
643 888 718 950 quae
751 869 879 952 Regem,
915 888 1005 950 quem
1039 867 1190 946 diximus,

57 986 207 1070 optimum
228 981 400 1065 multosque
424 983 488 1066 ejus
510 982 603 1058 cives,
628 980 677 1045 vel
694 1002 744 1064 per
759 980 920 1045 domestica
936 980 1012 1046 mala
1028 981 1190 1067 depressos,

56 1097 105 1163 vel
134 1120 189 1182 per
219 1097 353 1172 Patriae,
384 1096 421 1161 ab
444 1097 553 1160 exteris
583 1100 724 1170 vexatae,
759 1093 885 1172 cladem,
919 1096 1069 1180 erigerent
1104 1102 1194 1178 atque

57 1213 185 1278 Auctora'
207 1210 411 1275 conciliarent.
446 1210 525 1286 Quid
549 1231 619 1274 varo
642 1208 794 1274 ductori?
824 1209 855 1272 ld
878 1208 981 1292 potius
999 1211 1195 1295 praecipuum

59 1329 189 1393 Oratoris
222 1332 267 1391 est
300 1328 441 1390 meritum
480 1325 681 1402 censendum,
715 1324 815 1408 quod,
847 1323 996 1388 Ieremiae
1030 1323 1195 1408 Prophetae

60 1440 219 1526 exemplo,
249 1441 300 1524 qui
321 1444 446 1528 fructas
474 1441 534 1504 sibi
557 1441 700 1505 cisternas
735 1440 904 1504 ecciderunt
934 1461 969 1502 uc
989 1441 1194 1522 perfluentes,

59 1554 199 1638 aequales
221 1555 258 1618 ad
281 1576 370 1630 eum,
404 1576 494 1637 quem
516 1553 720 1638 reliquerant,
750 1555 890 1619 reducere
920 1559 1078 1619 conaretur
1104 1579 1197 1640 aquae

55 1669 144 1733 atrae
166 1668 311 1749 Fontem,
344 1668 378 1730 id
401 1668 504 1732 estad
528 1670 622 1733 [reum
646 1669 873 1752 Christumque,
897 1674 987 1752 atque
1010 1668 1193 1755 Euangelio,

56 1806 73 1848 a
96 1803 159 1867 quo
182 1782 386 1859 desciverant,
410 1780 602 1848 reconciliare
625 1784 689 1869 (2).

65 1928 228 1937 -—------—

93 2022 132 2084 (1)
152 2018 326 2078 Caeretanae,
345 2021 377 2069 da
395 2034 447 2085 quo
465 2023 592 2082 diximus,
611 2022 637 2072 ic
660 2037 753 2086 genere
776 2024 838 2073 haec
856 2024 985 2074 numerari
1004 2029 1121 2088 possunt:
1144 2022 1194 2072 Be·

58 2111 213 2176 rracltachn
231 2112 271 2160 aa.
290 2110 328 2160 die
345 2109 487 2160 letrrer‘cien
512 2128 535 2161 u.
552 2111 682 2162 erasto-oller
705 2111 854 2164 Walarleiten
879 2112 921 2163 des
939 2112 1080 2164 Christeutt.
1098 2114 1134 2163 tet
1152 2113 1195 2163 dar

59 2205 132 2254 lacten
158 2202 284 2268 Trennanq
302 2219 344 2252 corr
364 2203 408 2252 den
433 2203 568 2270 Unsrr‘qem
591 2205 685 2254 Dortm.
707 2211 787 2264 1803,
805 2223 840 2258 ex
858 2210 901 2257 410
919 2208 960 2258 ed.
981 2205 1099 2272 Maydet.
1120 2214 1194 2259 1834.

61 2293 142 2345 Hisce
166 2296 325 2346 orationibus
349 2296 464 2345 omniurn
486 2297 613 2359 primum,
633 2305 757 2360 qnantum
780 2301 914 2360 norimus,
940 2301 972 2350 ab
995 2301 1064 2364 Eyl.
1083 2302 1195 2358 editum,

64 2391 188 2453 scriptam
207 2389 360 2439 continetur.
395 2388 475 2452 Cujus
489 2388 570 2453 prima
593 2391 670 2439 editio
687 2391 709 2439 si
727 2392 834 2444 subinde
846 2392 995 2456 juveniliter
1013 2395 1196 2443 exuberantem

63 2482 175 2531 habebat
192 2482 291 2539 stilum3
310 2489 407 2544 quarta,
434 2482 544 2532 mnltnm
563 2488 659 2532 mutata
676 2483 721 2532 illa
737 2491 763 2534 et
779 2491 862 2545 aucta,
881 2485 967 2536 senilis
984 2486 1123 2547 sapientiae
1141 2499 1198 2534 ma·

59 2581 148 2624 turum
165 2575 238 2624 nobis
255 2575 446 2638 percipiendum
464 2573 537 2623 offert
556 2573 675 2625 fructum.
707 2572 747 2624 Of.
761 2577 954 2628 Fuhrmann.
973 2580 991 2628 1.
1005 2579 1023 2628 l.
1041 2579 1078 2628 11.
1093 2586 1117 2628 2.
1136 2581 1196 2628 378.

63 2672 125 2718 448.
161 2667 311 2717 Praeclarus
330 2669 371 2716 hic
388 2668 454 2717 liber
471 2669 564 2716 iterum
582 2678 695 2718 nostram
713 2670 739 2718 in
757 2670 871 2733 linguam
884 2685 1020 2720 conversus
1038 2676 1076 2720 cst
1094 2678 1119 2720 et
1136 2685 1198 2720 nos·

61 2760 169 2810 tretium
186 2760 274 2810 usibus
284 2762 426 2824 adoptatus,
444 2761 492 2810 hta
509 2761 686 2825 inscriptione:
705 2761 971 2813 Bactrianorum
988 2764 1045 2813 bron
1062 2780 1108 2813 aaa
1127 2771 1200 2812 trooar

61 2853 97 2919 aij
118 2851 157 2902 let
175 2850 259 2902 verlice
282 2867 327 2901 aun
346 2851 455 2902 dr'ertcra
476 2851 647 2917 tetretliupen.
682 2851 761 2904 Naar
778 2854 815 2904 tet
833 2853 932 2920 Hcopd.
953 2854 1011 2904 door
1030 2856 1063 2905 A.
1084 2855 1119 2904 H.
1136 2871 1198 2906 van

62 2946 118 2996 der
136 2944 260 3003 Hoeve;
279 2945 356 2994 Arest.
381 2950 454 2995 1849.
488 2946 639 3008 Interpretis
663 2961 766 3010 operam
792 2949 883 2997 merito
909 2948 997 2998 laudat
1023 2948 1134 3008 Censor,
1154 2951 1198 3014 qni

62 3039 167 3088 omnino
193 3039 365 3088 consulendus
391 3046 445 3099 est,
464 3040 490 3088 in
515 3040 581 3103 Eph.
607 3039 666 3088 Vcd.
684 3039 818 3103 Lattarooffi
837 3046 909 3091 1850.
935 3046 954 3090 1.
972 3058 996 3107 p.
1019 3048 1062 3092 101
1086 3059 1143 3108 sqq.
1163 3069 1198 3081 ·-

67 3131 126 3182 Ueb.
154 3129 367 3181 Geistesteiterkeit
386 3149 409 3182 u.
434 3129 618 3193 Gaurriclsrulc,
644 3131 775 3196 Prediyteu
801 3133 861 3181 auct
886 3130 1051 3182 Grcadsr‘r'tzen
1077 3134 1120 3184 der
1140 3135 1196 3186 Ital.

63 3221 92 3270 J.
111 3221 147 3283 0.,
159 3223 215 3286 fair
234 3221 320 3288 petild.
338 3222 461 3286 &tristem
482 3223 589 3274 Brunca.
612 3229 684 3273 1805.
704 3224 732 3272 11
748 3225 845 3273 Tomis.
881 3223 966 3275 Hocce
984 3241 1047 3289 opus
1065 3235 1089 3277 et
1107 3243 1153 3292 per
1169 3244 1196 3278 se

63 3324 102 3366 est
126 3318 232 3378 editum,
254 3324 280 3366 et
297 3319 414 3382 proxime
441 3319 545 3367 laudato
566 3319 600 3368 ita
621 3316 763 3379 subjectum
788 3324 864 3382 atque
888 3318 1052 3382 adjunctum,
1073 3327 1102 3370 ut
1128 3321 1196 3371 illins

64 3411 192 3461 diceretur
213 3409 299 3460 Tomara
316 3411 431 3460 secundus
454 3419 476 3460 et
494 3413 583 3461 tertius.
618 3411 737 3462 Nostram
755 3412 780 3460 in
797 3412 912 3474 lingnam
928 3426 1093 3470 conversum,
1109 3413 1196 3463 inscri-

65 3503 148 3554 bitur=
166 3503 296 3554 Laerredrt
314 3519 368 3553 orer
389 3505 418 3554 de
434 3503 619 3570 tlrj'moedr'yleid
637 3521 683 3554 vau
695 3513 760 3569 poert
774 3520 802 3553 err
814 3504 842 3554 de
854 3511 906 3553 ruat
919 3505 960 3553 des
976 3504 1091 3569 pcmoeds,
1105 3505 1197 3570 culpans

65 3597 94 3646 de
117 3595 314 3662 prondsreltinpen
337 3614 383 3646 van
406 3597 443 3645 tec
467 3596 599 3648 Christeod.
622 3598 650 3647 ΙΙ
667 3599 757 3647 Tomis
775 3598 791 3647 f.
811 3603 825 3646 8
845 3596 903 3660 maj.
939 3597 1075 3661 Speremus
1097 3600 1151 3648 foro
1169 3606 1197 3648 nt

65 3692 156 3754 pretii,
173 3704 225 3754 quo
241 3705 310 3740 nunc
328 3691 483 3740 nostratibus
501 3691 619 3748 offertur,
640 3691 755 3754 aequitas
770 3693 801 3739 ad
818 3689 911 3739 librum
932 3691 979 3739 sibi
997 3690 1198 3755 comparandum

65 3784 162 3834 multos
182 3784 287 3832 alliciat.
307 3809 338 3819 -
365 3781 443 3834 Warte
460 3783 503 3833 der
521 3782 659 3845 Belelruuy
675 3800 698 3833 a.
719 3783 761 3832 des
776 3781 871 3832 Τνοειεε
889 3784 928 3832 or.
947 3782 990 3831 dau
1001 3783 1106 3848 Jetziqan
1128 3779 1198 3847 Gany

66 3876 110 3926 dar
123 3876 214 3941 Diaqc,
227 3876 370 3942 perproclen
384 3878 408 3926 in
426 3876 469 3926 dea
488 3879 554 3940 Taya
573 3874 616 3924 der
629 3872 696 3925 Nou
709 3893 733 3925 u.
751 3892 772 3924 s.
789 3891 819 3922 w.
839 3873 923 3923 Porta.
940 3879 1011 3923 1808.
1027 3900 1058 3910 -
1071 3874 1120 3923 Die
1131 3875 1199 3923 recise

65 3969 210 4034 Benutzunq
227 3969 268 4018 das
290 3969 422 4035 Unqtriclcs.
438 3968 517 4019 Pred.
534 3968 587 4033 pel.
604 3970 634 4017 im
648 3966 678 4019 J.
697 3972 761 4018 1800
774 3985 798 4017 a.
819 3973 899 4025 181ος
920 3967 1002 4016 Berol.
1015 3973 1086 4018 1810.
1125 3967 1199 4016 Uter·

66 4077 126 4127 que,
152 4079 227 4128 quern
245 4066 361 4127 proxime
379 4065 496 4125 laudavi,
518 4071 598 4113 cratt..
612 4079 632 4113 s.
651 4062 798 4113 Fasciculus
820 4077 853 4111 ex
876 4063 971 4112 misera
990 4063 1135 4111 conditione
1155 4075 1198 4110 ex·

67 4157 132 4208 atitit
147 4158 230 4220 Regni
247 4158 387 4216 Borussici,
405 4159 514 4221 pessime
532 4166 624 4207 tuneo
643 4157 669 4206 N
674 4157 853 4221 apoleonte
875 4157 964 4206 habiti.
984 4181 1016 4191 -
1039 4155 1079 4204 Ac
1096 4154 1198 4204 Patriae

67 4252 147 4303 etiem
168 4251 341 4302 conditionem
357 4252 492 4302 conciones
509 4252 635 4315 respicere
657 4249 781 4309 videntur,
801 4263 825 4312 q.
841 4250 874 4298 de
892 4247 1075 4313 Praeparat.
1089 4246 1198 4310 Bedzirs·

67 4347 134 4395 nisae
150 4360 203 4395 aas.
222 4343 352 4405 Heraeum
374 4343 436 4394 Hal.
459 4351 530 4395 1818.

104 4439 141 4502 (8)
161 4439 201 4490 cf.
218 4436 307 4490 Jarcm.
325 4439 361 4489 11.
383 4444 420 4490 13.
