<?xml version="1.0" encoding="UTF-8"?>
<!DOCTYPE html PUBLIC "-//W3C//DTD XHTML 1.0 Transitional//EN"
    "http://www.w3.org/TR/xhtml1/DTD/xhtml1-transitional.dtd">
<html xmlns="http://www.w3.org/1999/xhtml" xml:lang="en" lang="en">
 <head>
  <title>
</title>
<meta http-equiv="Content-Type" content="text/html;charset=utf-8" />
  <meta name='ocr-system' content='tesseract 3.04.00' />
  <meta name='ocr-capabilities' content='ocr_page ocr_carea ocr_par ocr_line ocrx_word'/>
</head>
<body>
  <div class='ocr_page' id='page_1' title='image "./chartaetheologi00boumgoog_0223.png"; bbox 0 0 2782 4958; ppageno 0'>
   <div class='ocr_carea' id='block_1_1' title="bbox 129 301 773 366">
    <p class='ocr_par' dir='ltr' id='par_1_1' title="bbox 129 301 773 366">
     <span class='ocr_line' id='line_1_1' title="bbox 129 301 773 366; baseline 0.003 -4"><span class='ocrx_word' id='word_1_1' title='bbox 129 301 169 363; x_wconf 82' lang='lat' dir='ltr'><em>to</em></span> <span class='ocrx_word' id='word_1_2' title='bbox 621 323 773 366; x_wconf 79' lang='lat' dir='ltr'><em>nannarlo</em></span> 
     </span>
    </p>
   </div>
   <div class='ocr_carea' id='block_1_2' title="bbox 122 486 1292 3418">
    <p class='ocr_par' dir='ltr' id='par_1_2' title="bbox 122 486 1292 3418">
     <span class='ocr_line' id='line_1_2' title="bbox 127 486 1238 584; baseline 0.002 -28"><span class='ocrx_word' id='word_1_3' title='bbox 127 487 304 583; x_wconf 75' lang='lat' dir='ltr'><em>»Epistulas</em></span> <span class='ocrx_word' id='word_1_4' title='bbox 325 487 516 575; x_wconf 70' lang='lat' dir='ltr'><em>tractandis,</em></span> <span class='ocrx_word' id='word_1_5' title='bbox 544 513 585 559; x_wconf 83' lang='lat' dir='ltr'><em>ca</em></span> <span class='ocrx_word' id='word_1_6' title='bbox 614 491 738 584; x_wconf 75' lang='lat' dir='ltr'><em>antiqui</em></span> <span class='ocrx_word' id='word_1_7' title='bbox 766 489 839 559; x_wconf 88' lang='lat' dir='ltr'><em>aeoi</em></span> <span class='ocrx_word' id='word_1_8' title='bbox 868 486 1004 558; x_wconf 81' lang='lat' dir='ltr'><em>umidas</em></span> <span class='ocrx_word' id='word_1_9' title='bbox 1030 501 1060 557; x_wconf 89' lang='lat' dir='ltr'><em>et</em></span> <span class='ocrx_word' id='word_1_10' title='bbox 1092 486 1238 558; x_wconf 75' lang='lat' dir='ltr'><em>oudam</em></span> 
     </span>
     <span class='ocr_line' id='line_1_3' title="bbox 126 610 1292 715; baseline 0.005 -38"><span class='ocrx_word' id='word_1_11' title='bbox 126 639 142 678; x_wconf 80' lang='lat' dir='ltr'><em>i&gt;</em></span> <span class='ocrx_word' id='word_1_12' title='bbox 152 634 204 680; x_wconf 86' lang='lat' dir='ltr'><em>aas</em></span> <span class='ocrx_word' id='word_1_13' title='bbox 220 610 443 706; x_wconf 84' lang='lat' dir='ltr'><em>interpretari,·</em></span> <span class='ocrx_word' id='word_1_14' title='bbox 458 625 566 708; x_wconf 81' lang='lat' dir='ltr'><em>atque,</em></span> <span class='ocrx_word' id='word_1_15' title='bbox 580 612 628 681; x_wconf 86' lang='lat' dir='ltr'><em>uti</em></span> <span class='ocrx_word' id='word_1_16' title='bbox 643 613 677 681; x_wconf 88' lang='lat' dir='ltr'><em>ia</em></span> <span class='ocrx_word' id='word_1_17' title='bbox 691 610 828 682; x_wconf 77' lang='lat' dir='ltr'><em>classicis</em></span> <span class='ocrx_word' id='word_1_18' title='bbox 845 635 939 708; x_wconf 76' lang='lat' dir='ltr'><em>apere</em></span> <span class='ocrx_word' id='word_1_19' title='bbox 955 610 1153 682; x_wconf 74' lang='lat' dir='ltr'><em>institueram</em></span> <span class='ocrx_word' id='word_1_20' title='bbox 1163 611 1240 707; x_wconf 79' lang='lat' dir='ltr'><em>scrip</em></span> <span class='ocrx_word' id='word_1_21' title='bbox 1290 702 1292 715; x_wconf 40' lang='grc' dir='ltr'>Ι</span> 
     </span>
     <span class='ocr_line' id='line_1_4' title="bbox 125 732 1241 831; baseline 0.001 -29"><span class='ocrx_word' id='word_1_22' title='bbox 125 732 282 820; x_wconf 82' lang='lat' dir='ltr'><em>uteribus,</em></span> <span class='ocrx_word' id='word_1_23' title='bbox 308 734 407 830; x_wconf 85' lang='lat' dir='ltr'><em>ipsias</em></span> <span class='ocrx_word' id='word_1_24' title='bbox 442 734 576 805; x_wconf 87' lang='lat' dir='ltr'><em>auctoris</em></span> <span class='ocrx_word' id='word_1_25' title='bbox 601 733 674 803; x_wconf 90' lang='lat' dir='ltr'><em>iade</em></span> <span class='ocrx_word' id='word_1_26' title='bbox 695 757 871 830; x_wconf 65' lang='lat' dir='ltr'><em>cognoscere</em></span> <span class='ocrx_word' id='word_1_27' title='bbox 901 734 1075 831; x_wconf 74' lang='lat' dir='ltr'><em>inperium,</em></span> <span class='ocrx_word' id='word_1_28' title='bbox 1104 734 1241 812; x_wconf 81' lang='lat' dir='ltr'><em>animam.</em></span> 
     </span>
     <span class='ocr_line' id='line_1_5' title="bbox 125 856 1245 945; baseline 0.003 -20"><span class='ocrx_word' id='word_1_29' title='bbox 125 857 223 927; x_wconf 84' lang='lat' dir='ltr'><em>»item</em></span> <span class='ocrx_word' id='word_1_30' title='bbox 246 857 394 928; x_wconf 84' lang='lat' dir='ltr'><em>orationis</em></span> <span class='ocrx_word' id='word_1_31' title='bbox 413 857 497 928; x_wconf 86' lang='lat' dir='ltr'><em>dotes</em></span> <span class='ocrx_word' id='word_1_32' title='bbox 519 871 548 928; x_wconf 91' lang='lat' dir='ltr'><em>et</em></span> <span class='ocrx_word' id='word_1_33' title='bbox 569 858 706 928; x_wconf 84' lang='lat' dir='ltr'><em>virtutes.</em></span> <span class='ocrx_word' id='word_1_34' title='bbox 753 856 844 945; x_wconf 85' lang='lat' dir='ltr'><em>Quod</em></span> <span class='ocrx_word' id='word_1_35' title='bbox 864 857 944 928; x_wconf 83' lang='lat' dir='ltr'><em>milri</em></span> <span class='ocrx_word' id='word_1_36' title='bbox 959 857 1097 928; x_wconf 84' lang='lat' dir='ltr'><em>stadium</em></span> <span class='ocrx_word' id='word_1_37' title='bbox 1120 858 1245 929; x_wconf 79' lang='lat' dir='ltr'><em>dicium</em></span> 
     </span>
     <span class='ocr_line' id='line_1_6' title="bbox 126 979 1246 1078; baseline 0.004 -29"><span class='ocrx_word' id='word_1_38' title='bbox 126 994 247 1077; x_wconf 82' lang='lat' dir='ltr'><em>»potest</em></span> <span class='ocrx_word' id='word_1_39' title='bbox 272 994 424 1076; x_wconf 84' lang='lat' dir='ltr'><em>quautam</em></span> <span class='ocrx_word' id='word_1_40' title='bbox 451 981 518 1074; x_wconf 84' lang='lat' dir='ltr'><em>sere</em></span> <span class='ocrx_word' id='word_1_41' title='bbox 533 979 689 1051; x_wconf 73' lang='lat' dir='ltr'><em>‘tribuerit</em></span> <span class='ocrx_word' id='word_1_42' title='bbox 710 994 740 1050; x_wconf 89' lang='lat' dir='ltr'><em>et</em></span> <span class='ocrx_word' id='word_1_43' title='bbox 771 981 961 1078; x_wconf 86' lang='lat' dir='ltr'><em>voluptutem</em></span> <span class='ocrx_word' id='word_1_44' title='bbox 989 995 1018 1052; x_wconf 89' lang='lat' dir='ltr'><em>et</em></span> <span class='ocrx_word' id='word_1_45' title='bbox 1041 1005 1116 1054; x_wconf 86' lang='lat' dir='ltr'><em>aero</em></span> <span class='ocrx_word' id='word_1_46' title='bbox 1139 982 1246 1053; x_wconf 89' lang='lat' dir='ltr'><em>utilita-</em></span> 
     </span>
     <span class='ocr_line' id='line_1_7' title="bbox 126 1103 1248 1201; baseline 0.004 -27"><span class='ocrx_word' id='word_1_47' title='bbox 126 1103 240 1176; x_wconf 81' lang='lat' dir='ltr'><em>atem.&#39;&#39;</em></span> <span class='ocrx_word' id='word_1_48' title='bbox 270 1148 312 1158; x_wconf 91' lang='lat'><em>-</em></span> <span class='ocrx_word' id='word_1_49' title='bbox 337 1103 436 1190; x_wconf 88' lang='lat' dir='ltr'><em>Quod</em></span> <span class='ocrx_word' id='word_1_50' title='bbox 457 1103 557 1198; x_wconf 87' lang='lat' dir='ltr'><em>igitur</em></span> <span class='ocrx_word' id='word_1_51' title='bbox 575 1129 693 1201; x_wconf 87' lang='lat' dir='ltr'><em>agens,</em></span> <span class='ocrx_word' id='word_1_52' title='bbox 720 1104 848 1177; x_wconf 90' lang='lat' dir='ltr'><em>tandem</em></span> <span class='ocrx_word' id='word_1_53' title='bbox 874 1109 969 1177; x_wconf 89' lang='lat' dir='ltr'><em>etiam</em></span> <span class='ocrx_word' id='word_1_54' title='bbox 997 1104 1039 1178; x_wconf 86' lang='lat' dir='ltr'><em>ad</em></span> <span class='ocrx_word' id='word_1_55' title='bbox 1061 1103 1248 1178; x_wconf 86' lang='lat' dir='ltr'><em>alteramol</em></span> 
     </span>
     <span class='ocr_line' id='line_1_8' title="bbox 128 1226 1248 1326; baseline 0 -27"><span class='ocrx_word' id='word_1_56' title='bbox 128 1226 303 1299; x_wconf 78' lang='lat' dir='ltr'><em>Coriatlrios</em></span> <span class='ocrx_word' id='word_1_57' title='bbox 327 1226 508 1324; x_wconf 79' lang='lat' dir='ltr'><em>Epistulam</em></span> <span class='ocrx_word' id='word_1_58' title='bbox 532 1226 721 1324; x_wconf 87' lang='lat' dir='ltr'><em>legendam,</em></span> <span class='ocrx_word' id='word_1_59' title='bbox 753 1228 990 1320; x_wconf 82' lang='lat' dir='ltr'><em>meditandam,</em></span> <span class='ocrx_word' id='word_1_60' title='bbox 1017 1229 1128 1300; x_wconf 88' lang='lat' dir='ltr'><em>animo</em></span> <span class='ocrx_word' id='word_1_61' title='bbox 1157 1253 1248 1326; x_wconf 90' lang='lat' dir='ltr'><em>quan·</em></span> 
     </span>
     <span class='ocr_line' id='line_1_9' title="bbox 122 1347 1248 1451; baseline 0 -29"><span class='ocrx_word' id='word_1_62' title='bbox 122 1361 276 1446; x_wconf 72' lang='lat' dir='ltr'><em>vturupote</em></span> <span class='ocrx_word' id='word_1_63' title='bbox 300 1347 520 1421; x_wconf 86' lang='lat' dir='ltr'><em>imbibendam</em></span> <span class='ocrx_word' id='word_1_64' title='bbox 550 1366 740 1423; x_wconf 79' lang='lat' dir='ltr'><em>accesserat.</em></span> <span class='ocrx_word' id='word_1_65' title='bbox 783 1354 856 1437; x_wconf 74' lang='lat' dir='ltr'><em>Qua</em></span> <span class='ocrx_word' id='word_1_66' title='bbox 882 1353 914 1423; x_wconf 92' lang='lat' dir='ltr'><em>in</em></span> <span class='ocrx_word' id='word_1_67' title='bbox 942 1351 1248 1451; x_wconf 61' lang='lat' dir='ltr'><em>epistolamque,</em></span> 
     </span>
     <span class='ocr_line' id='line_1_10' title="bbox 126 1474 1250 1574; baseline 0.002 -31"><span class='ocrx_word' id='word_1_68' title='bbox 126 1497 257 1544; x_wconf 79' lang='lat' dir='ltr'><em>»seusus</em></span> <span class='ocrx_word' id='word_1_69' title='bbox 276 1497 345 1544; x_wconf 87' lang='lat' dir='ltr'><em>suos</em></span> <span class='ocrx_word' id='word_1_70' title='bbox 365 1498 468 1544; x_wconf 84' lang='lat' dir='ltr'><em>maces</em></span> <span class='ocrx_word' id='word_1_71' title='bbox 488 1487 517 1544; x_wconf 89' lang='lat' dir='ltr'><em>et</em></span> <span class='ocrx_word' id='word_1_72' title='bbox 539 1474 668 1571; x_wconf 75' lang='lat' dir='ltr'><em>affectus</em></span> <span class='ocrx_word' id='word_1_73' title='bbox 694 1489 723 1546; x_wconf 88' lang='lat' dir='ltr'><em>et</em></span> <span class='ocrx_word' id='word_1_74' title='bbox 738 1475 844 1547; x_wconf 87' lang='lat' dir='ltr'><em>stadia</em></span> <span class='ocrx_word' id='word_1_75' title='bbox 866 1478 912 1547; x_wconf 89' lang='lat' dir='ltr'><em>ito</em></span> <span class='ocrx_word' id='word_1_76' title='bbox 933 1476 1056 1547; x_wconf 87' lang='lat' dir='ltr'><em>Paulas</em></span> <span class='ocrx_word' id='word_1_77' title='bbox 1075 1476 1203 1574; x_wconf 80' lang='lat' dir='ltr'><em>effudit,</em></span> <span class='ocrx_word' id='word_1_78' title='bbox 1225 1487 1250 1545; x_wconf 89' lang='lat' dir='ltr'><em>ut</em></span> 
     </span>
     <span class='ocr_line' id='line_1_11' title="bbox 126 1597 1248 1695; baseline 0.002 -29"><span class='ocrx_word' id='word_1_79' title='bbox 126 1601 187 1667; x_wconf 75' lang='lat' dir='ltr'><em>irin</em></span> <span class='ocrx_word' id='word_1_80' title='bbox 209 1597 300 1669; x_wconf 84' lang='lat' dir='ltr'><em>nalld</em></span> <span class='ocrx_word' id='word_1_81' title='bbox 319 1597 450 1694; x_wconf 70' lang='lat' dir='ltr'><em>magis.”</em></span> <span class='ocrx_word' id='word_1_82' title='bbox 485 1601 537 1688; x_wconf 86' lang='lat' dir='ltr'><em>Ex</em></span> <span class='ocrx_word' id='word_1_83' title='bbox 561 1599 614 1670; x_wconf 79' lang='lat' dir='ltr'><em>itta</em></span> <span class='ocrx_word' id='word_1_84' title='bbox 636 1599 735 1694; x_wconf 88' lang='lat' dir='ltr'><em>igitur</em></span> <span class='ocrx_word' id='word_1_85' title='bbox 753 1623 855 1695; x_wconf 90' lang='lat' dir='ltr'><em>quum</em></span> <span class='ocrx_word' id='word_1_86' title='bbox 883 1597 1009 1695; x_wconf 85' lang='lat' dir='ltr'><em>plenius</em></span> <span class='ocrx_word' id='word_1_87' title='bbox 1024 1598 1144 1685; x_wconf 88' lang='lat' dir='ltr'><em>etiam,</em></span> <span class='ocrx_word' id='word_1_88' title='bbox 1163 1621 1248 1695; x_wconf 84' lang='lat' dir='ltr'><em>quaro</em></span> 
     </span>
     <span class='ocr_line' id='line_1_12' title="bbox 128 1719 1249 1818; baseline -0.001 -27"><span class='ocrx_word' id='word_1_89' title='bbox 128 1719 276 1807; x_wconf 81' lang='lat' dir='ltr'><em>aliunde,</em></span> <span class='ocrx_word' id='word_1_90' title='bbox 305 1721 456 1817; x_wconf 83' lang='lat' dir='ltr'><em>cognosci</em></span> <span class='ocrx_word' id='word_1_91' title='bbox 482 1746 576 1818; x_wconf 89' lang='lat' dir='ltr'><em>posse</em></span> <span class='ocrx_word' id='word_1_92' title='bbox 603 1720 767 1793; x_wconf 89' lang='lat' dir='ltr'><em>videretur</em></span> <span class='ocrx_word' id='word_1_93' title='bbox 789 1720 987 1818; x_wconf 84' lang='lat' dir='ltr'><em>Apostolus,</em></span> <span class='ocrx_word' id='word_1_94' title='bbox 1011 1720 1054 1793; x_wconf 92' lang='lat' dir='ltr'><em>de</em></span> <span class='ocrx_word' id='word_1_95' title='bbox 1074 1727 1114 1793; x_wconf 75' lang='lat' dir='ltr'><em>ea</em></span> <span class='ocrx_word' id='word_1_96' title='bbox 1131 1720 1176 1792; x_wconf 89' lang='lat' dir='ltr'><em>ita</em></span> <span class='ocrx_word' id='word_1_97' title='bbox 1191 1719 1249 1792; x_wconf 84' lang='lat' dir='ltr'><em>dis·</em></span> 
     </span>
     <span class='ocr_line' id='line_1_13' title="bbox 127 1842 1250 1941; baseline -0.002 -25"><span class='ocrx_word' id='word_1_98' title='bbox 127 1856 244 1941; x_wconf 87' lang='lat' dir='ltr'><em>putare</em></span> <span class='ocrx_word' id='word_1_99' title='bbox 276 1843 428 1927; x_wconf 87' lang='lat' dir='ltr'><em>instituit,</em></span> <span class='ocrx_word' id='word_1_100' title='bbox 471 1860 507 1916; x_wconf 90' lang='lat' dir='ltr'><em>ut</em></span> <span class='ocrx_word' id='word_1_101' title='bbox 532 1859 565 1916; x_wconf 89' lang='lat' dir='ltr'><em>et</em></span> <span class='ocrx_word' id='word_1_102' title='bbox 597 1844 637 1916; x_wconf 92' lang='lat' dir='ltr'><em>de</em></span> <span class='ocrx_word' id='word_1_103' title='bbox 668 1842 818 1915; x_wconf 77' lang='lat' dir='ltr'><em>universa</em></span> <span class='ocrx_word' id='word_1_104' title='bbox 848 1843 994 1940; x_wconf 82' lang='lat' dir='ltr'><em>Epistola</em></span> <span class='ocrx_word' id='word_1_105' title='bbox 1020 1859 1135 1939; x_wconf 87' lang='lat' dir='ltr'><em>ageret</em></span> <span class='ocrx_word' id='word_1_106' title='bbox 1159 1858 1192 1915; x_wconf 86' lang='lat' dir='ltr'><em>et</em></span> <span class='ocrx_word' id='word_1_107' title='bbox 1219 1842 1250 1914; x_wconf 88' lang='lat' dir='ltr'><em>da</em></span> 
     </span>
     <span class='ocr_line' id='line_1_14' title="bbox 126 1965 1250 2066; baseline -0.003 -27"><span class='ocrx_word' id='word_1_108' title='bbox 126 1969 281 2039; x_wconf 83' lang='lat' dir='ltr'><em>Auctoris</em></span> <span class='ocrx_word' id='word_1_109' title='bbox 304 1967 509 2063; x_wconf 86' lang='lat' dir='ltr'><em>singulatim,</em></span> <span class='ocrx_word' id='word_1_110' title='bbox 530 1992 628 2066; x_wconf 87' lang='lat' dir='ltr'><em>quam</em></span> <span class='ocrx_word' id='word_1_111' title='bbox 647 1993 685 2040; x_wconf 87' lang='lat' dir='ltr'><em>ea</em></span> <span class='ocrx_word' id='word_1_112' title='bbox 708 1968 874 2064; x_wconf 80' lang='lat' dir='ltr'><em>pingeret,</em></span> <span class='ocrx_word' id='word_1_113' title='bbox 894 1966 1001 2038; x_wconf 87' lang='lat' dir='ltr'><em>indole</em></span> <span class='ocrx_word' id='word_1_114' title='bbox 1023 1965 1124 2039; x_wconf 88' lang='lat' dir='ltr'><em>aede</em></span> <span class='ocrx_word' id='word_1_115' title='bbox 1142 1965 1250 2038; x_wconf 88' lang='lat' dir='ltr'><em>oratio-</em></span> 
     </span>
     <span class='ocr_line' id='line_1_15' title="bbox 127 2087 1180 2189; baseline -0.005 -26"><span class='ocrx_word' id='word_1_116' title='bbox 127 2091 192 2175; x_wconf 88' lang='lat' dir='ltr'><em>nis,</em></span> <span class='ocrx_word' id='word_1_117' title='bbox 219 2098 286 2189; x_wconf 72' lang='lat' dir='ltr'><em>qua</em></span> <span class='ocrx_word' id='word_1_118' title='bbox 311 2093 383 2188; x_wconf 82' lang='lat' dir='ltr'><em>ejus</em></span> <span class='ocrx_word' id='word_1_119' title='bbox 404 2116 499 2163; x_wconf 91' lang='lat' dir='ltr'><em>sensa</em></span> <span class='ocrx_word' id='word_1_120' title='bbox 522 2091 724 2175; x_wconf 81' lang='lat' dir='ltr'><em>enuntiaret,</em></span> <span class='ocrx_word' id='word_1_121' title='bbox 751 2087 883 2159; x_wconf 89' lang='lat' dir='ltr'><em>dotibus</em></span> <span class='ocrx_word' id='word_1_122' title='bbox 908 2101 942 2159; x_wconf 90' lang='lat' dir='ltr'><em>et</em></span> <span class='ocrx_word' id='word_1_123' title='bbox 973 2088 1180 2186; x_wconf 72' lang='lat' dir='ltr'><em>praestantia</em></span> 
     </span>
     <span class='ocr_line' id='line_1_16' title="bbox 176 2210 1251 2309; baseline -0.005 -24"><span class='ocrx_word' id='word_1_124' title='bbox 176 2213 289 2285; x_wconf 86' lang='lat' dir='ltr'><em>Paullo</em></span> <span class='ocrx_word' id='word_1_125' title='bbox 310 2212 474 2309; x_wconf 85' lang='lat' dir='ltr'><em>copiosius</em></span> <span class='ocrx_word' id='word_1_126' title='bbox 493 2212 573 2285; x_wconf 90' lang='lat' dir='ltr'><em>haec</em></span> <span class='ocrx_word' id='word_1_127' title='bbox 593 2238 632 2284; x_wconf 85' lang='lat' dir='ltr'><em>ex</em></span> <span class='ocrx_word' id='word_1_128' title='bbox 654 2213 852 2309; x_wconf 81' lang='lat' dir='ltr'><em>praefatione</em></span> <span class='ocrx_word' id='word_1_129' title='bbox 870 2210 920 2283; x_wconf 89' lang='lat' dir='ltr'><em>vel</em></span> <span class='ocrx_word' id='word_1_130' title='bbox 947 2212 1075 2283; x_wconf 87' lang='lat' dir='ltr'><em>narravi</em></span> <span class='ocrx_word' id='word_1_131' title='bbox 1099 2211 1164 2298; x_wconf 87' lang='lat' dir='ltr'><em>vel,</em></span> <span class='ocrx_word' id='word_1_132' title='bbox 1186 2211 1251 2309; x_wconf 87' lang='lat' dir='ltr'><em>ipsis</em></span> 
     </span>
     <span class='ocr_line' id='line_1_17' title="bbox 127 2335 1250 2434; baseline -0.004 -24"><span class='ocrx_word' id='word_1_133' title='bbox 127 2336 280 2434; x_wconf 81' lang='lat' dir='ltr'><em>Collegae</em></span> <span class='ocrx_word' id='word_1_134' title='bbox 307 2336 415 2409; x_wconf 89' lang='lat' dir='ltr'><em>verbis</em></span> <span class='ocrx_word' id='word_1_135' title='bbox 436 2362 533 2424; x_wconf 89' lang='lat' dir='ltr'><em>usus,</em></span> <span class='ocrx_word' id='word_1_136' title='bbox 557 2337 704 2434; x_wconf 88' lang='lat' dir='ltr'><em>reposui,</em></span> <span class='ocrx_word' id='word_1_137' title='bbox 730 2361 797 2434; x_wconf 93' lang='lat' dir='ltr'><em>quo</em></span> <span class='ocrx_word' id='word_1_138' title='bbox 819 2335 921 2432; x_wconf 89' lang='lat' dir='ltr'><em>magis</em></span> <span class='ocrx_word' id='word_1_139' title='bbox 942 2349 1136 2434; x_wconf 85' lang='lat' dir='ltr'><em>appareret,</em></span> <span class='ocrx_word' id='word_1_140' title='bbox 1164 2357 1250 2433; x_wconf 87' lang='lat' dir='ltr'><em>quan</em></span> 
     </span>
     <span class='ocr_line' id='line_1_18' title="bbox 128 2458 1253 2546; baseline -0.002 -15"><span class='ocrx_word' id='word_1_141' title='bbox 128 2474 255 2533; x_wconf 88' lang='lat' dir='ltr'><em>mature</em></span> <span class='ocrx_word' id='word_1_142' title='bbox 276 2460 476 2531; x_wconf 85' lang='lat' dir='ltr'><em>Platonicum</em></span> <span class='ocrx_word' id='word_1_143' title='bbox 502 2459 531 2531; x_wconf 87' lang='lat' dir='ltr'><em>ei</em></span> <span class='ocrx_word' id='word_1_144' title='bbox 558 2459 656 2531; x_wconf 86' lang='lat' dir='ltr'><em>luerit</em></span> <span class='ocrx_word' id='word_1_145' title='bbox 679 2458 750 2543; x_wconf 86' lang='lat' dir='ltr'><em>vel,</em></span> <span class='ocrx_word' id='word_1_146' title='bbox 775 2459 801 2530; x_wconf 93' lang='lat' dir='ltr'><em>si</em></span> <span class='ocrx_word' id='word_1_147' title='bbox 829 2459 946 2546; x_wconf 90' lang='lat' dir='ltr'><em>mavis,</em></span> <span class='ocrx_word' id='word_1_148' title='bbox 970 2459 1191 2530; x_wconf 86' lang='lat' dir='ltr'><em>Heusdiauum</em></span> <span class='ocrx_word' id='word_1_149' title='bbox 1216 2458 1253 2529; x_wconf 90' lang='lat' dir='ltr'><em>io·</em></span> 
     </span>
     <span class='ocr_line' id='line_1_19' title="bbox 127 2581 1253 2681; baseline -0.004 -25"><span class='ocrx_word' id='word_1_150' title='bbox 127 2583 279 2680; x_wconf 83' lang='lat' dir='ltr'><em>genium,</em></span> <span class='ocrx_word' id='word_1_151' title='bbox 308 2607 375 2681; x_wconf 89' lang='lat' dir='ltr'><em>quo</em></span> <span class='ocrx_word' id='word_1_152' title='bbox 400 2582 441 2654; x_wconf 91' lang='lat' dir='ltr'><em>ad</em></span> <span class='ocrx_word' id='word_1_153' title='bbox 470 2583 606 2669; x_wconf 80' lang='lat' dir='ltr'><em>homiues</em></span> <span class='ocrx_word' id='word_1_154' title='bbox 628 2582 765 2654; x_wconf 82' lang='lat' dir='ltr'><em>maxime</em></span> <span class='ocrx_word' id='word_1_155' title='bbox 787 2583 946 2654; x_wconf 84' lang='lat' dir='ltr'><em>lominum</em></span> <span class='ocrx_word' id='word_1_156' title='bbox 968 2587 1000 2653; x_wconf 89' lang='lat' dir='ltr'><em>in</em></span> <span class='ocrx_word' id='word_1_157' title='bbox 1021 2581 1153 2680; x_wconf 87' lang='lat' dir='ltr'><em>scriptis</em></span> <span class='ocrx_word' id='word_1_158' title='bbox 1174 2606 1253 2679; x_wconf 81' lang='lat' dir='ltr'><em>spec</em></span> 
     </span>
     <span class='ocr_line' id='line_1_20' title="bbox 127 2703 1253 2803; baseline -0.004 -26"><span class='ocrx_word' id='word_1_159' title='bbox 127 2705 244 2777; x_wconf 89' lang='lat' dir='ltr'><em>tandos</em></span> <span class='ocrx_word' id='word_1_160' title='bbox 259 2719 375 2802; x_wconf 87' lang='lat' dir='ltr'><em>sponte</em></span> <span class='ocrx_word' id='word_1_161' title='bbox 391 2705 540 2776; x_wconf 86' lang='lat' dir='ltr'><em>serretur.</em></span> <span class='ocrx_word' id='word_1_162' title='bbox 569 2705 696 2777; x_wconf 90' lang='lat' dir='ltr'><em>Habeat</em></span> <span class='ocrx_word' id='word_1_163' title='bbox 712 2730 790 2778; x_wconf 85' lang='lat' dir='ltr'><em>sene</em></span> <span class='ocrx_word' id='word_1_164' title='bbox 805 2704 1035 2792; x_wconf 79' lang='lat' dir='ltr'><em>festinationis,</em></span> <span class='ocrx_word' id='word_1_165' title='bbox 1052 2711 1120 2803; x_wconf 77' lang='lat' dir='ltr'><em>qua</em></span> <span class='ocrx_word' id='word_1_166' title='bbox 1136 2703 1253 2777; x_wconf 89' lang='lat' dir='ltr'><em>edenda</em></span> 
     </span>
     <span class='ocr_line' id='line_1_21' title="bbox 127 2825 1253 2924; baseline 0 -26"><span class='ocrx_word' id='word_1_167' title='bbox 127 2842 230 2914; x_wconf 87' lang='lat' dir='ltr'><em>osset,</em></span> <span class='ocrx_word' id='word_1_168' title='bbox 260 2852 366 2924; x_wconf 86' lang='lat' dir='ltr'><em>neque</em></span> <span class='ocrx_word' id='word_1_169' title='bbox 392 2825 476 2899; x_wconf 88' lang='lat' dir='ltr'><em>enim</em></span> <span class='ocrx_word' id='word_1_170' title='bbox 502 2851 602 2923; x_wconf 88' lang='lat' dir='ltr'><em>nego,</em></span> <span class='ocrx_word' id='word_1_171' title='bbox 632 2826 786 2898; x_wconf 88' lang='lat' dir='ltr'><em>nonnulla</em></span> <span class='ocrx_word' id='word_1_172' title='bbox 813 2826 929 2898; x_wconf 88' lang='lat' dir='ltr'><em>indicia</em></span> <span class='ocrx_word' id='word_1_173' title='bbox 955 2826 1108 2923; x_wconf 84' lang='lat' dir='ltr'><em>juvenilis</em></span> <span class='ocrx_word' id='word_1_174' title='bbox 1142 2827 1253 2898; x_wconf 85' lang='lat' dir='ltr'><em>haecce</em></span> 
     </span>
     <span class='ocr_line' id='line_1_22' title="bbox 127 2948 1253 3047; baseline -0.002 -25"><span class='ocrx_word' id='word_1_175' title='bbox 127 2950 366 3022; x_wconf 89' lang='lat' dir='ltr'><em>commentatio.</em></span> <span class='ocrx_word' id='word_1_176' title='bbox 410 2951 455 3021; x_wconf 89' lang='lat' dir='ltr'><em>At</em></span> <span class='ocrx_word' id='word_1_177' title='bbox 482 2948 640 3046; x_wconf 86' lang='lat' dir='ltr'><em>ejusmodi</em></span> <span class='ocrx_word' id='word_1_178' title='bbox 665 2964 771 3021; x_wconf 68' lang='lat' dir='ltr'><em>amen</em></span> <span class='ocrx_word' id='word_1_179' title='bbox 797 2974 867 3020; x_wconf 87' lang='lat' dir='ltr'><em>earn</em></span> <span class='ocrx_word' id='word_1_180' title='bbox 891 2974 963 3022; x_wconf 88' lang='lat' dir='ltr'><em>esse</em></span> <span class='ocrx_word' id='word_1_181' title='bbox 989 2949 1137 3038; x_wconf 85' lang='lat' dir='ltr'><em>affirmo,</em></span> <span class='ocrx_word' id='word_1_182' title='bbox 1161 2973 1253 3047; x_wconf 87' lang='lat' dir='ltr'><em>quae,</em></span> 
     </span>
     <span class='ocr_line' id='line_1_23' title="bbox 127 3072 1253 3171; baseline -0.004 -25"><span class='ocrx_word' id='word_1_183' title='bbox 127 3075 153 3146; x_wconf 89' lang='lat' dir='ltr'><em>si</em></span> <span class='ocrx_word' id='word_1_184' title='bbox 176 3073 206 3144; x_wconf 91' lang='lat' dir='ltr'><em>id</em></span> <span class='ocrx_word' id='word_1_185' title='bbox 225 3097 322 3170; x_wconf 87' lang='lat' dir='ltr'><em>agere</em></span> <span class='ocrx_word' id='word_1_186' title='bbox 337 3073 511 3162; x_wconf 86' lang='lat' dir='ltr'><em>voluisset,</em></span> <span class='ocrx_word' id='word_1_187' title='bbox 531 3073 563 3145; x_wconf 92' lang='lat' dir='ltr'><em>in</em></span> <span class='ocrx_word' id='word_1_188' title='bbox 583 3073 729 3145; x_wconf 77' lang='lat' dir='ltr'><em>historiari</em></span> <span class='ocrx_word' id='word_1_189' title='bbox 747 3072 949 3171; x_wconf 89' lang='lat' dir='ltr'><em>potissimum</em></span> <span class='ocrx_word' id='word_1_190' title='bbox 971 3097 1009 3143; x_wconf 90' lang='lat' dir='ltr'><em>ac</em></span> <span class='ocrx_word' id='word_1_191' title='bbox 1024 3072 1253 3170; x_wconf 74' lang='lat' dir='ltr'><em>papedolopied,</em></span> 
     </span>
     <span class='ocr_line' id='line_1_24' title="bbox 127 3196 1255 3295; baseline -0.003 -26"><span class='ocrx_word' id='word_1_192' title='bbox 127 3222 226 3295; x_wconf 89' lang='lat' dir='ltr'><em>quara</em></span> <span class='ocrx_word' id='word_1_193' title='bbox 259 3209 395 3281; x_wconf 90' lang='lat' dir='ltr'><em>vocant,</em></span> <span class='ocrx_word' id='word_1_194' title='bbox 419 3199 592 3269; x_wconf 82' lang='lat' dir='ltr'><em>Sacrorum</em></span> <span class='ocrx_word' id='word_1_195' title='bbox 618 3196 814 3268; x_wconf 86' lang='lat' dir='ltr'><em>Litterarum</em></span> <span class='ocrx_word' id='word_1_196' title='bbox 845 3196 1114 3292; x_wconf 86' lang='lat' dir='ltr'><em>interpretatione</em></span> <span class='ocrx_word' id='word_1_197' title='bbox 1143 3218 1255 3294; x_wconf 87' lang='lat' dir='ltr'><em>operae</em></span> 
     </span>
     <span class='ocr_line' id='line_1_25' title="bbox 126 3319 1234 3418; baseline -0.002 -25"><span class='ocrx_word' id='word_1_198' title='bbox 126 3321 266 3418; x_wconf 89' lang='lat' dir='ltr'><em>pretium</em></span> <span class='ocrx_word' id='word_1_199' title='bbox 297 3320 397 3393; x_wconf 85' lang='lat' dir='ltr'><em>luisse</em></span> <span class='ocrx_word' id='word_1_200' title='bbox 421 3321 583 3391; x_wconf 83' lang='lat' dir='ltr'><em>iacturum</em></span> <span class='ocrx_word' id='word_1_201' title='bbox 606 3320 784 3392; x_wconf 87' lang='lat' dir='ltr'><em>Auctorem</em></span> <span class='ocrx_word' id='word_1_202' title='bbox 809 3319 937 3394; x_wconf 88' lang='lat' dir='ltr'><em>evincat</em></span> <span class='ocrx_word' id='word_1_203' title='bbox 956 3345 995 3391; x_wconf 88' lang='lat' dir='ltr'><em>aa</em></span> <span class='ocrx_word' id='word_1_204' title='bbox 1024 3319 1234 3393; x_wconf 87' lang='lat' dir='ltr'><em>demonstret.</em></span> 
     </span>
    </p>
   </div>
   <div class='ocr_carea' id='block_1_3' title="bbox 126 3568 1257 4160">
    <p class='ocr_par' dir='ltr' id='par_1_3' title="bbox 126 3568 1257 4160">
     <span class='ocr_line' id='line_1_26' title="bbox 175 3568 1256 3669; baseline 0.005 -30"><span class='ocrx_word' id='word_1_205' title='bbox 175 3568 264 3640; x_wconf 91' lang='lat' dir='ltr'><em>Binis</em></span> <span class='ocrx_word' id='word_1_206' title='bbox 280 3583 354 3666; x_wconf 94' lang='lat' dir='ltr'><em>post</em></span> <span class='ocrx_word' id='word_1_207' title='bbox 372 3569 556 3654; x_wconf 86' lang='lat' dir='ltr'><em>mensibus,</em></span> <span class='ocrx_word' id='word_1_208' title='bbox 575 3568 717 3666; x_wconf 78' lang='lat' dir='ltr'><em>legitima</em></span> <span class='ocrx_word' id='word_1_209' title='bbox 735 3568 893 3665; x_wconf 89' lang='lat' dir='ltr'><em>probatus</em></span> <span class='ocrx_word' id='word_1_210' title='bbox 909 3569 1150 3669; x_wconf 89' lang='lat' dir='ltr'><em>disquisitione,</em></span> <span class='ocrx_word' id='word_1_211' title='bbox 1170 3599 1256 3645; x_wconf 87' lang='lat' dir='ltr'><em>sanc-</em></span> 
     </span>
     <span class='ocr_line' id='line_1_27' title="bbox 127 3690 1257 3793; baseline 0.004 -30"><span class='ocrx_word' id='word_1_212' title='bbox 127 3693 239 3764; x_wconf 85' lang='lat' dir='ltr'><em>tissimi</em></span> <span class='ocrx_word' id='word_1_213' title='bbox 256 3694 399 3762; x_wconf 88' lang='lat' dir='ltr'><em>Muaeris</em></span> <span class='ocrx_word' id='word_1_214' title='bbox 421 3690 607 3762; x_wconf 83' lang='lat' dir='ltr'><em>Candidatis</em></span> <span class='ocrx_word' id='word_1_215' title='bbox 633 3690 839 3764; x_wconf 89' lang='lat' dir='ltr'><em>laudabiliter</em></span> <span class='ocrx_word' id='word_1_216' title='bbox 858 3692 1055 3766; x_wconf 88' lang='lat' dir='ltr'><em>adscribitur</em></span> <span class='ocrx_word' id='word_1_217' title='bbox 1079 3710 1181 3793; x_wconf 87' lang='lat' dir='ltr'><em>atque</em></span> <span class='ocrx_word' id='word_1_218' title='bbox 1203 3696 1257 3767; x_wconf 79' lang='lat' dir='ltr'><em>ho</em></span> 
     </span>
     <span class='ocr_line' id='line_1_28' title="bbox 126 3815 1256 3915; baseline 0.002 -28"><span class='ocrx_word' id='word_1_219' title='bbox 126 3815 270 3888; x_wconf 88' lang='lat' dir='ltr'><em>norifice.</em></span> <span class='ocrx_word' id='word_1_220' title='bbox 298 3819 445 3901; x_wconf 84' lang='lat' dir='ltr'><em>Quorum</em></span> <span class='ocrx_word' id='word_1_221' title='bbox 466 3831 572 3886; x_wconf 88' lang='lat' dir='ltr'><em>tamen</em></span> <span class='ocrx_word' id='word_1_222' title='bbox 594 3815 625 3886; x_wconf 90' lang='lat' dir='ltr'><em>in</em></span> <span class='ocrx_word' id='word_1_223' title='bbox 644 3840 782 3888; x_wconf 89' lang='lat' dir='ltr'><em>nurnero</em></span> <span class='ocrx_word' id='word_1_224' title='bbox 800 3841 863 3887; x_wconf 91' lang='lat' dir='ltr'><em>non</em></span> <span class='ocrx_word' id='word_1_225' title='bbox 882 3815 937 3889; x_wconf 90' lang='lat' dir='ltr'><em>diu</em></span> <span class='ocrx_word' id='word_1_226' title='bbox 957 3819 1017 3890; x_wconf 86' lang='lat' dir='ltr'><em>fuit</em></span> <span class='ocrx_word' id='word_1_227' title='bbox 1035 3818 1114 3915; x_wconf 91' lang='lat' dir='ltr'><em>ipsi,</em></span> <span class='ocrx_word' id='word_1_228' title='bbox 1139 3820 1256 3890; x_wconf 79' lang='lat' dir='ltr'><em>incerta</em></span> 
     </span>
     <span class='ocr_line' id='line_1_29' title="bbox 127 3937 1257 4036; baseline 0.002 -26"><span class='ocrx_word' id='word_1_229' title='bbox 127 3964 185 4036; x_wconf 91' lang='lat' dir='ltr'><em>spe</em></span> <span class='ocrx_word' id='word_1_230' title='bbox 211 3941 350 4034; x_wconf 82' lang='lat' dir='ltr'><em>jactato,</em></span> <span class='ocrx_word' id='word_1_231' title='bbox 387 3938 594 4011; x_wconf 87' lang='lat' dir='ltr'><em>haerendum.</em></span> <span class='ocrx_word' id='word_1_232' title='bbox 638 3937 852 4010; x_wconf 83' lang='lat' dir='ltr'><em>Meerlrerlriae</em></span> <span class='ocrx_word' id='word_1_233' title='bbox 882 3943 986 4029; x_wconf 80' lang='lat' dir='ltr'><em>eninr,</em></span> <span class='ocrx_word' id='word_1_234' title='bbox 1012 3942 1044 4012; x_wconf 92' lang='lat' dir='ltr'><em>in</em></span> <span class='ocrx_word' id='word_1_235' title='bbox 1070 3942 1257 4014; x_wconf 90' lang='lat' dir='ltr'><em>Hollandiae</em></span> 
     </span>
     <span class='ocr_line' id='line_1_30' title="bbox 127 4061 1256 4160; baseline 0.002 -27"><span class='ocrx_word' id='word_1_236' title='bbox 127 4061 346 4133; x_wconf 87' lang='lat' dir='ltr'><em>Meridionalis</em></span> <span class='ocrx_word' id='word_1_237' title='bbox 368 4061 561 4132; x_wconf 85' lang='lat' dir='ltr'><em>Alblasseusi</em></span> <span class='ocrx_word' id='word_1_238' title='bbox 581 4076 703 4145; x_wconf 88' lang='lat' dir='ltr'><em>tractu,</em></span> <span class='ocrx_word' id='word_1_239' title='bbox 726 4061 814 4133; x_wconf 92' lang='lat' dir='ltr'><em>haud</em></span> <span class='ocrx_word' id='word_1_240' title='bbox 839 4062 989 4158; x_wconf 90' lang='lat' dir='ltr'><em>ignobilis</em></span> <span class='ocrx_word' id='word_1_241' title='bbox 1011 4065 1106 4160; x_wconf 88' lang='lat' dir='ltr'><em>pagi,</em></span> <span class='ocrx_word' id='word_1_242' title='bbox 1130 4065 1160 4135; x_wconf 89' lang='lat' dir='ltr'><em>id</em></span> <span class='ocrx_word' id='word_1_243' title='bbox 1184 4080 1256 4138; x_wconf 91' lang='lat' dir='ltr'><em>tem·</em></span> 
     </span>
    </p>
   </div>
   <div class='ocr_carea' id='block_1_4' title="bbox 128 4185 1254 4530">
    <p class='ocr_par' dir='ltr' id='par_1_4' title="bbox 128 4185 1254 4530">
     <span class='ocr_line' id='line_1_31' title="bbox 129 4185 1254 4288; baseline 0.001 -31"><span class='ocrx_word' id='word_1_244' title='bbox 129 4186 216 4281; x_wconf 92' lang='lat' dir='ltr'><em>poris</em></span> <span class='ocrx_word' id='word_1_245' title='bbox 240 4185 409 4283; x_wconf 90' lang='lat' dir='ltr'><em>Toparcha</em></span> <span class='ocrx_word' id='word_1_246' title='bbox 431 4186 731 4273; x_wconf 89' lang='lat' dir='ltr'><em>Van-Nessius,</em></span> <span class='ocrx_word' id='word_1_247' title='bbox 759 4186 888 4283; x_wconf 88' lang='lat' dir='ltr'><em>quoties</em></span> <span class='ocrx_word' id='word_1_248' title='bbox 914 4212 1018 4258; x_wconf 88' lang='lat' dir='ltr'><em>novus</em></span> <span class='ocrx_word' id='word_1_249' title='bbox 1044 4187 1086 4257; x_wconf 89' lang='lat' dir='ltr'><em>ibi</em></span> <span class='ocrx_word' id='word_1_250' title='bbox 1114 4188 1254 4288; x_wconf 88' lang='lat' dir='ltr'><em>require·</em></span> 
     </span>
     <span class='ocr_line' id='line_1_32' title="bbox 128 4307 1253 4407; baseline 0 -29"><span class='ocrx_word' id='word_1_251' title='bbox 128 4309 226 4380; x_wconf 91' lang='lat' dir='ltr'><em>batur</em></span> <span class='ocrx_word' id='word_1_252' title='bbox 245 4309 417 4380; x_wconf 89' lang='lat' dir='ltr'><em>Sacrorum</em></span> <span class='ocrx_word' id='word_1_253' title='bbox 442 4308 601 4393; x_wconf 89' lang='lat' dir='ltr'><em>Antistes,</em></span> <span class='ocrx_word' id='word_1_254' title='bbox 627 4308 666 4379; x_wconf 90' lang='lat' dir='ltr'><em>de</em></span> <span class='ocrx_word' id='word_1_255' title='bbox 691 4333 729 4378; x_wconf 92' lang='lat' dir='ltr'><em>eo</em></span> <span class='ocrx_word' id='word_1_256' title='bbox 753 4307 901 4404; x_wconf 89' lang='lat' dir='ltr'><em>eligendo</em></span> <span class='ocrx_word' id='word_1_257' title='bbox 921 4311 1157 4407; x_wconf 71' lang='lat' dir='ltr'><em>narragam,</em></span> <span class='ocrx_word' id='word_1_258' title='bbox 1181 4310 1253 4381; x_wconf 84' lang='lat' dir='ltr'><em>Eli·</em></span> 
     </span>
     <span class='ocr_line' id='line_1_33' title="bbox 128 4428 1249 4530; baseline -0.003 -27"><span class='ocrx_word' id='word_1_259' title='bbox 128 4458 193 4505; x_wconf 86' lang='lat' dir='ltr'><em>sae</em></span> <span class='ocrx_word' id='word_1_260' title='bbox 219 4433 367 4520; x_wconf 87' lang='lat' dir='ltr'><em>lilium,</em></span> <span class='ocrx_word' id='word_1_261' title='bbox 393 4457 535 4530; x_wconf 76' lang='lat' dir='ltr'><em>euntque</em></span> <span class='ocrx_word' id='word_1_262' title='bbox 560 4431 664 4505; x_wconf 90' lang='lat' dir='ltr'><em>solum</em></span> <span class='ocrx_word' id='word_1_263' title='bbox 691 4431 861 4504; x_wconf 85' lang='lat' dir='ltr'><em>consulere</em></span> <span class='ocrx_word' id='word_1_264' title='bbox 888 4448 1111 4507; x_wconf 87' lang='lat' dir='ltr'><em>consueverat.</em></span> <span class='ocrx_word' id='word_1_265' title='bbox 1164 4428 1249 4519; x_wconf 87' lang='lat' dir='ltr'><em>Quod</em></span> 
     </span>
    </p>
   </div>
   <div class='ocr_carea' id='block_1_5' title="bbox 0 0 1401 4958">
    <p class='ocr_par' dir='ltr' id='par_1_5' title="bbox 0 0 1401 4958">
     <span class='ocr_line' id='line_1_34' title="bbox 0 0 1401 4958; baseline 0 0"><span class='ocrx_word' id='word_1_266' title='bbox 0 0 1401 4958; x_wconf 95' lang='lat' dir='ltr'><em> </em></span> 
     </span>
    </p>
   </div>
  </div>
 </body>
</html>
