2782 4958
127 314 170 376 72
611 327 768 371 urnaouuu

122 518 195 563 vero
217 497 338 583 ellipsin
361 516 433 561 eane
451 498 536 582 pejus
554 501 699 582 stangno
722 494 922 577 recentissimi
941 504 1003 560 uon
1020 496 1109 582 pauci
1128 496 1253 561 merant

126 625 300 688 accuratae,
331 634 407 697 quae
435 611 526 677 hodie
554 613 664 686 fertur,
689 611 951 696 'interpretationis
977 612 1098 696 patroni
1133 630 1253 695 eamque

128 725 249 805 multis,
276 727 357 791 unde
381 726 501 791 excludi
527 746 588 790 nou
614 746 702 810 posse
730 723 908 805 videbatur,
942 724 1018 790 locis
1039 710 1261 789 admittendam

127 862 192 905 esse
223 840 270 906 vel
300 839 491 906 dissimulent
518 840 566 905 vel
598 840 709 906 diserte
742 845 865 926 negent.
912 839 1003 912 Quod
1026 859 1132 904 eorum
1154 839 1256 902 odium

38 1006 45 1013 .
127 953 233 1032 nobis,
254 956 306 1041 qui
335 957 426 1022 lucos
447 959 537 1040 atque
563 957 728 1041 empiricos
749 951 958 1040 explicationis
977 958 1081 1018 notam
1102 953 1257 1037 incurrere

126 1066 273 1146 nolimus,
288 1090 435 1154 nusquam
453 1069 674 1135 incommodius
692 1069 814 1150 accidit,
835 1091 924 1154 quam
941 1068 996 1133 ubi
1008 1067 1157 1133 Paullum
1176 1087 1258 1130 euar-

126 1204 246 1262 ramus,
267 1185 394 1250 incitato
417 1186 535 1273 saepius
557 1185 721 1271 rapidoque
749 1186 820 1250 stilo
848 1205 956 1260 usum,
987 1182 1084 1247 multa
1115 1179 1258 1246 brevibus

105 1291 108 1295 ’
127 1300 371 1380 concludentem,
392 1324 449 1367 nec
466 1293 562 1389 panca
579 1303 686 1368 lectori
709 1300 874 1386 supplenda
893 1298 1128 1382 relinquentem.
1152 1293 1258 1359 Veluti

125 1393 230 1479 nostro
253 1415 399 1482 hocloco
422 1416 616 1502 Meyerus,
648 1415 728 1483 haud
758 1417 823 1480 siue
853 1412 1098 1479 dissentientium
1129 1410 1258 1494 castigo·

126 1527 229 1605 tione,
249 1527 328 1592 nihil
348 1535 417 1614 post
437 1537 538 1616 μόνον
551 1535 587 1595 ut
609 1529 799 1615 suppleamus
821 1525 909 1592 nobis
930 1527 1093 1610 permittit.
1126 1525 1259 1590 Conten-

128 1642 175 1706 dit
193 1643 275 1707 enim
297 1643 387 1710 verba
407 1650 510 1730 μόνον
533 1679 578 1692 -
596 1647 858 1732 μνημονεύωμεν,
882 1639 969 1704 nulld
990 1639 1198 1704 intercedente
1221 1638 1259 1704 al

128 1756 213 1844 lipsi,
237 1757 523 1844 averbispeudere,
547 1763 654 1824 secas
677 1755 870 1843 praegressis:
894 1756 1003 1834 δεξιὰς
1019 1756 1263 1823 ἔδωκαν...-

129 1875 317 1949 κσισωσίας.
364 1871 410 1938 Ul
427 1872 502 1939 haec
523 1875 648 1939 exsistat
668 1874 836 1938 sententia:
861 1869 930 1934 »Eo
951 1869 1110 1938 uobiscum
1133 1867 1260 1934 oonsilio

129 1990 251 2069 pactum
273 1987 425 2067 inierunt,
448 1995 484 2053 ut
513 2025 555 2037 -
582 2009 747 2075 egenorum
780 1993 988 2057 tantummodo
1014 2010 1162 2055 memores
1184 2008 1261 2051 esse·

129 2095 235 2164 mns.’'
256 2137 301 2149 —
324 2098 424 2174 Quam
444 2125 516 2169 vero
535 2106 813 2190 interpretationem
834 2129 896 2172 nou
920 2128 1059 2192 maguam
1079 2129 1096 2170 a
1118 2105 1262 2170 facilitate

130 2235 228 2301 neque
239 2213 276 2280 ab
288 2219 357 2301 aptd
380 2219 605 2284 enuntiatorum
629 2220 816 2284 catenatione
835 2219 1123 2284 commendationem
1135 2217 1260 2297 habere,

131 2333 199 2416 quis
232 2335 279 2398 est
307 2334 360 2419 qui
382 2355 445 2398 nou
469 2333 592 2402 videat?
637 2335 716 2401 Cum
744 2336 922 2420 praesertim
953 2358 1014 2402 non
1042 2342 1098 2405 καὶ
1130 2339 1190 2404 t'eu
1211 2338 1263 2399 aut

132 2447 197 2512 sius
216 2448 323 2534 copullt
345 2455 415 2526 ἵνα,
441 2451 493 2514 sed
516 2458 617 2536 pocus
640 2457 698 2520 ἵνα
720 2451 802 2517 dicat
824 2453 953 2518 Auctor·
1207 2449 1211 2456 ¹

182 2784 255 2852 Gal.
280 2786 346 2851 ΠΙ.
371 2789 411 2853 19
442 2794 473 2852 et
501 2792 555 2855 24.
604 2790 711 2854 Priore
739 2790 806 2858 loco
834 2791 871 2854 de
895 2791 959 2877 lupe
989 2789 1102 2855 dicitur
1131 2784 1263 2853 Musaei:

133 2905 200 2969 τῶν
224 2905 440 2991 παραβάσεων
463 2911 557 2992 χάριν
586 2907 769 2992 προσετέθη
791 2904 851 2992 (1).
896 2904 994 2985 Quae,
1019 2903 1216 2987 Meyerum
1238 2902 1264 2964 si

133 3013 239 3092 audis,
275 3015 509 3101 significabunt:
542 3029 737 3104 peccatorum
766 3021 800 3085 iu
819 3019 958 3107 savorem
984 3021 1103 3106 adjectu
1131 3019 1179 3082 lex
1205 3027 1263 3092 eat,

133 3128 350 3214 promissorum
373 3153 497 3218 nempe,
520 3134 601 3219 quod
620 3134 683 3219 jam
704 3139 789 3199 autea
808 3137 976 3211 exalterat,
999 3134 1122 3199 foederi.
1163 3135 1266 3217 Atque

133 3244 215 3309 idem
238 3245 297 3309 Vir
317 3245 512 3312 doctissimus
541 3269 611 3313 mox
634 3245 802 3314 asseverare
824 3271 885 3314 nou
908 3248 1044 3324 dubitat,
1074 3249 1117 3312 ita
1140 3247 1266 3311 omuino

134 3357 193 3422 sibi
216 3380 280 3423 rem
303 3359 480 3425 informasse
503 3359 668 3438 Paullum,
691 3366 728 3426 ut
750 3363 830 3439 Dei,
850 3360 948 3448 legem
972 3361 1114 3438 ferentis,
1138 3360 1176 3425 de
1198 3382 1268 3425 con·

134 3474 206 3540 silio
228 3475 341 3541 factum
364 3475 414 3552 sit,
438 3479 474 3541 ut
493 3476 617 3541 eandem
640 3498 695 3562 per
713 3476 812 3563 legem
833 3482 1024 3562 peccatorum
1045 3495 1190 3539 uumerus
1214 3496 1267 3539 au·

136 3594 272 3676 geretur.
297 3625 343 3638 ·—
367 3587 488 3662 Quibus
508 3588 594 3654 illius
616 3611 686 3654 eum
716 3590 806 3655 dietis
829 3589 1009 3654 conferenda
1030 3594 1101 3652 suut
1128 3608 1206 3672 quae
1230 3586 1267 3650 ad

135 3709 210 3769 sect.
239 3709 282 3769 24
300 3709 420 3782 monet,
449 3703 503 3770 ubi
526 3705 629 3770 eadem
649 3704 699 3769 lex
725 3707 935 3789 παιδαγωγὸς
960 3711 1003 3785 εἷς
1023 3710 1168 3791 Χριστόν
1189 3703 1268 3766 dici-

136 3822 198 3884 lur.
242 3817 306 3883 Hae
327 3819 409 3883 enim
428 3821 673 3906 poedapopicum
692 3819 770 3904 legis
793 3841 903 3884 munus
921 3833 1107 3904 nequaquem
1123 3817 1155 3880 id
1173 3818 1269 3880 fuisse

135 3933 278 4010 affirmat,
305 3943 339 3997 ut
364 3934 404 3998 ab
432 3935 595 4000 indouestis
618 3937 774 3999 mistarum
798 3936 961 4020 asperitate
985 3934 1147 3998 Israelilas
1169 3934 1269 3996 deter-

135 4059 231 4124 reret,
253 4068 342 4132 quem
366 4047 452 4133 plene
480 4050 619 4134 repudiat
642 4049 785 4115 Wineri
806 4049 993 4133 aliorumque
1020 4046 1268 4133 explicationem

136 4219 287 4234 *a

173 4320 211 4382 (1)
229 4315 298 4370 Scite
316 4323 344 4368 et
359 4324 432 4368 acute
449 4332 474 4367 v.
491 4314 664 4384 προσετέθη,
677 4316 718 4366 oui
736 4286 929 4366 multi‘Godioes
946 4329 976 4364 eo
998 4312 1087 4365 critici
1111 4313 1270 4366 substituunt

138 4411 238 4480 ἔτέθη,
257 4412 370 4464 defendit
386 4412 424 4462 M.
