2782 4958
552 372 592 414 DE
615 372 811 415 aotnnnnsto.

159 533 211 610 Ne
241 535 351 608 multa.
397 535 521 608 Eodem
557 537 624 609 lere
659 551 822 634 ternpore,
859 564 924 637 quo
962 541 1243 637 septuagenariam

109 654 362 758 lloyaardsio
379 661 465 733 Patri
486 661 680 758 completam
702 674 839 734 aetatem
858 661 1107 758 gratulabantur
1118 662 1243 752 Amici,

109 778 207 880 llegis
236 789 266 856 ei
300 783 433 857 decreto
461 785 690 857 successorem
719 784 836 857 Filium
861 809 932 858 esse
956 784 1087 874 datum,
1114 786 1244 858 Parenti

108 927 179 977 non
212 907 385 1005 imparem,
414 906 487 979 laeti
524 924 763 1006 compererunt.
803 909 987 981 Doluerunt
1023 909 1171 1008 quidem,
1202 909 1244 982 ad

108 1051 251 1122 {uorum
283 1030 517 1103 moderandum
542 1047 672 1104 coetum
704 1057 742 1103 ac
767 1030 950 1104 docendum
976 1046 1133 1105 evocatus
1152 1048 1241 1117 erat,

108 1147 336 1225 Scidamenses.
398 1156 468 1226 Nee
509 1169 616 1227 tamen
654 1169 740 1243 erat,
777 1155 865 1254 quod
903 1168 1032 1253 gratum
1074 1180 1148 1228 eum
1190 1181 1244 1228 se-

108 1278 240 1376 nelque
273 1277 419 1350 oblatum
453 1280 556 1350 Patris
584 1278 782 1350 dilectissimi
822 1280 929 1353 locum
956 1280 1104 1377 accipere
1137 1304 1244 1379 neque

107 1398 210 1490 gitur
246 1399 354 1472 datarn
395 1402 475 1498 ipsis
513 1399 609 1474 lidern
647 1402 816 1476 exsolvere
855 1429 950 1502 posse
987 1403 1242 1502 indignarentur.

107 1517 283 1597 {aeterum
311 1549 411 1596 unum
450 1524 512 1596 boc
544 1523 653 1599 minus
682 1540 871 1625 exoptatum
900 1527 984 1600 laeta
1011 1530 1042 1599 in
1073 1553 1108 1600 re
1136 1527 1245 1601 Colle-

107 1666 169 1735 3ae
204 1647 336 1733 accidit,
369 1646 476 1745 quod,
510 1673 575 1719 non
608 1648 788 1721 ordinarias
822 1651 976 1723 continuo
1004 1650 1112 1724 dictus
1143 1651 1243 1723 Tltea-

107 1775 210 1866 ⁰9iae
240 1773 422 1867 Professor,
450 1771 491 1843 ad
521 1772 699 1846 docendam
734 1787 828 1846 aratra
853 1774 994 1845 arelatem
1021 1799 1147 1847 sacrani
1173 1773 1243 1847 dis-

106 1889 259 1992 tiplinarn
286 1895 475 1993 designatus
503 1910 596 1968 esset.
650 1895 745 1980 Quae
774 1920 851 1968 vero
882 1895 1088 1993 postmodum
1126 1896 1244 1993 depul-

106 2037 160 2095 tae
192 2033 271 2092 sunt
293 2019 484 2092 nubeculae.
526 2020 579 2091 Sic
602 2019 686 2091 enirn
714 2019 838 2115 regium
865 2018 1143 2117 interpretandum
1171 2044 1243 2091 esse

105 2130 274 2214 lecretum
310 2142 481 2239 apparuit,
516 2157 570 2228 ut,
612 2167 828 2241 quaecunque
857 2143 1016 2215 ordinarii
1047 2142 1243 2216 Prolessoris

110 2282 177 2338 ura
199 2278 293 2336 eraut
316 2277 349 2336 ct
373 2264 496 2353 officia,
520 2265 581 2361 ipsi
607 2290 643 2337 ea
669 2266 790 2338 tributa
816 2290 888 2338 esse
913 2280 1132 2339 censerentur.
1166 2268 1241 2353 Quo

105 2379 340 2460 Uoneiooataris
365 2387 552 2486 singulatim
582 2387 755 2460 academici
781 2387 840 2484 (sic
865 2388 949 2460 enirn
982 2389 1080 2486 vulgo
1109 2391 1238 2486 vocant)

105 2510 273 2600 provincia
302 2510 513 2583 reserabatur.
542 2512 657 2610 Neque
681 2511 766 2582 enim
789 2510 964 2584 admodum
991 2511 1052 2582 sibi
1072 2511 1238 2608 ingratum

104 2627 174 2707 lore
210 2632 429 2705 dissimularat
454 2635 512 2706 Vir
551 2647 700 2731 apertus,
739 2634 784 2719 si,
815 2634 1015 2732 superiorem
1046 2648 1181 2708 evectus
1207 2635 1239 2707 in

104 2756 314 2846 athedram,
349 2765 442 2830 sacra
466 2783 507 2830 ex
540 2757 695 2830 cathedra
719 2756 838 2829 Christi
868 2755 1047 2829 doctrinam
1077 2759 1239 2854 interpre-

104 2879 195 2953 andi
217 2906 282 2952 non
305 2884 378 2978 jure
399 2880 530 2980 quidem
558 2879 826 2964 defraudaretur,
855 2894 887 2951 at
907 2894 997 2952 certo
1019 2893 1169 2979 statoque
1194 2881 1241 2954 ol·

104 2996 201 3087 icio,
230 3004 319 3102 quod
344 3003 375 3075 in
399 3003 583 3102 praecipuis
609 3003 743 3094 baberet
768 3001 853 3074 vitae
879 3000 1020 3088 deliciis,
1046 3002 1236 3075 solveretur.

150 3126 285 3212 Quibus
303 3126 401 3223 igitur
419 3126 554 3200 feliciter
571 3127 776 3225 compositis,
797 3127 933 3222 proximi
949 3151 989 3196 m.
1004 3125 1090 3197 lunii
1106 3126 1233 3224 (1823)

103 3242 131 3321 l.
157 3249 208 3324 20
231 3246 405 3320 solenniter
429 3249 658 3345 inauguratum
678 3274 753 3321 curn
775 3248 933 3336 vidimus,
958 3273 996 3320 ac
1020 3248 1239 3347 pulcherrima

103 3370 236 3457 tabita,
259 3371 301 3443 de
332 3378 396 3469 qua
419 3397 513 3460 rnox,
535 3373 682 3445 oratioue
709 3397 828 3445 munus
851 3372 1072 3469 auspicantem
1106 3370 1237 3443 audivim

103 3517 188 3567 mus.
224 3495 318 3580 Quae
336 3496 498 3585 solennia,
518 3523 619 3596 quum
643 3499 782 3594 primurn
809 3495 949 3569 aestivae
972 3493 1066 3566 nobis
1091 3494 1238 3566 abierant

102 3615 217 3704 feriae,
245 3618 383 3690 Scbolae
406 3635 622 3717 exceperunt,
646 3646 710 3692 non
734 3619 886 3691 mediocri
911 3643 985 3691 cum
1008 3617 1235 3690 Studiosorum

102 3739 340 3838 approbatione
361 3758 493 3842 apertae
508 3758 606 3842 atque
626 3744 795 3841 applausu.
823 3744 961 3814 Secutae
980 3756 1056 3814 sunt
1075 3741 1236 3814 orationes

102 3888 235 3950 sacrae,
262 3890 400 3963 quarum
429 3867 508 3939 virili
531 3893 604 3940 curn
631 3867 788 3964 sapientia
816 3871 1012 3961 conjunctus
1038 3865 1126 3937 calor
1143 3867 1236 3962 juve-

102 3985 179 4058 nilis
206 4012 244 4058 ac
278 3989 447 4077 δεινότης
477 3990 595 4088 cupide
622 3990 822 4063 audientium
852 3987 1091 4060 multitudinem
1119 3990 1234 4061 iterum

105 4108 293 4209 iterumque
318 4115 465 4186 Oratoris
491 4116 521 4186 in
550 4114 794 4186 admirationem
822 4110 968 4208 rapiebat
1000 4112 1060 4207 (t)
1105 4111 1234 4183 Affatim

105 4286 205 4297 ..ι-,-
214 4291 259 4298 ...-

147 4410 190 4481 (1)
211 4411 253 4465 De
279 4414 361 4465 eae-rte
384 4413 517 4485 Collegae
540 4414 712 4468 orationibus
734 4411 802 4466 satis
825 4367 940 4482 copiosd
956 4409 1031 4474 dixi,
1053 4413 1184 4480 parentali
1211 4413 1236 4464 a'n

115 4511 233 4582 aulone,
255 4531 284 4585 p.
305 4518 432 4583 29-32,
453 4515 520 4570 item
540 4532 569 4586 p.
592 4519 638 4569 tt.
679 4510 733 4567 Ubi
756 4508 841 4583 priori
865 4508 926 4563 loco
949 4511 1072 4582 subjecta
1092 4511 1236 4565 annotatio
