<?xml version="1.0" encoding="UTF-8"?>
<!DOCTYPE html PUBLIC "-//W3C//DTD XHTML 1.0 Transitional//EN"
    "http://www.w3.org/TR/xhtml1/DTD/xhtml1-transitional.dtd">
<html xmlns="http://www.w3.org/1999/xhtml" xml:lang="en" lang="en">
 <head>
  <title>
</title>
<meta http-equiv="Content-Type" content="text/html;charset=utf-8" />
  <meta name='ocr-system' content='tesseract 3.04.00' />
  <meta name='ocr-capabilities' content='ocr_page ocr_carea ocr_par ocr_line ocrx_word'/>
</head>
<body>
  <div class='ocr_page' id='page_1' title='image "./chartaetheologi00boumgoog_0284.png"; bbox 0 0 2782 4958; ppageno 0'>
   <div class='ocr_carea' id='block_1_1' title="bbox 546 361 807 406">
    <p class='ocr_par' dir='ltr' id='par_1_1' title="bbox 546 361 807 406">
     <span class='ocr_line' id='line_1_1' title="bbox 546 361 807 406; baseline 0.004 -2"><span class='ocrx_word' id='word_1_1' title='bbox 546 362 587 404; x_wconf 71' lang='lat' dir='ltr'><strong>DE</strong></span> <span class='ocrx_word' id='word_1_2' title='bbox 608 361 807 406; x_wconf 61' lang='lat' dir='ltr'><strong>sollemnem.</strong></span> 
     </span>
    </p>
   </div>
   <div class='ocr_carea' id='block_1_2' title="bbox 104 1741 1287 3810">
    <p class='ocr_par' dir='ltr' id='par_1_2' title="bbox 104 1741 1287 3168">
     <span class='ocr_line' id='line_1_2' title="bbox 160 1741 1243 1841; baseline -0.002 -25"><span class='ocrx_word' id='word_1_3' title='bbox 160 1741 286 1838; x_wconf 79' lang='lat' dir='ltr'>Magnis</span> <span class='ocrx_word' id='word_1_4' title='bbox 311 1742 343 1814; x_wconf 93' lang='lat' dir='ltr'><strong>in</strong></span> <span class='ocrx_word' id='word_1_5' title='bbox 369 1741 471 1830; x_wconf 89' lang='lat' dir='ltr'><strong>Viris,</strong></span> <span class='ocrx_word' id='word_1_6' title='bbox 494 1742 552 1841; x_wconf 93' lang='lat' dir='ltr'><strong>qui</strong></span> <span class='ocrx_word' id='word_1_7' title='bbox 578 1741 619 1816; x_wconf 91' lang='lat' dir='ltr'><strong>de</strong></span> <span class='ocrx_word' id='word_1_8' title='bbox 638 1741 821 1840; x_wconf 75' lang='lat' dir='ltr'><strong>Republica</strong></span> <span class='ocrx_word' id='word_1_9' title='bbox 847 1742 897 1815; x_wconf 91' lang='lat' dir='ltr'><strong>vel</strong></span> <span class='ocrx_word' id='word_1_10' title='bbox 914 1742 999 1815; x_wconf 85' lang='lat' dir='ltr'><strong>civili</strong></span> <span class='ocrx_word' id='word_1_11' title='bbox 1025 1743 1076 1815; x_wconf 91' lang='lat' dir='ltr'><strong>vel</strong></span> <span class='ocrx_word' id='word_1_12' title='bbox 1102 1741 1243 1815; x_wconf 79' lang='lat' dir='ltr'><strong>litterata</strong></span> 
     </span>
     <span class='ocr_line' id='line_1_3' title="bbox 110 1862 1287 1963; baseline 0.004 -33"><span class='ocrx_word' id='word_1_13' title='bbox 110 1862 161 1935; x_wconf 80' lang='lat' dir='ltr'><strong>vel</strong></span> <span class='ocrx_word' id='word_1_14' title='bbox 187 1870 280 1936; x_wconf 78' lang='lat' dir='ltr'><strong>saera</strong></span> <span class='ocrx_word' id='word_1_15' title='bbox 306 1863 470 1962; x_wconf 82' lang='lat' dir='ltr'><strong>praeclare</strong></span> <span class='ocrx_word' id='word_1_16' title='bbox 491 1877 689 1954; x_wconf 90' lang='lat' dir='ltr'><strong>meruerunt,</strong></span> <span class='ocrx_word' id='word_1_17' title='bbox 712 1864 826 1963; x_wconf 89' lang='lat' dir='ltr'><strong>quales</strong></span> <span class='ocrx_word' id='word_1_18' title='bbox 845 1864 966 1937; x_wconf 89' lang='lat' dir='ltr'><strong>luerint</strong></span> <span class='ocrx_word' id='word_1_19' title='bbox 985 1864 1120 1936; x_wconf 77' lang='lat' dir='ltr'><strong>homines</strong></span> <span class='ocrx_word' id='word_1_20' title='bbox 1140 1888 1243 1962; x_wconf 89' lang='lat' dir='ltr'><strong>quae·</strong></span> <span class='ocrx_word' id='word_1_21' title='bbox 1284 1930 1287 1935; x_wconf 80' lang='grc'><strong>,</strong></span> 
     </span>
     <span class='ocr_line' id='line_1_4' title="bbox 106 1986 1242 2086; baseline 0.003 -30"><span class='ocrx_word' id='word_1_22' title='bbox 106 2005 183 2058; x_wconf 80' lang='lat' dir='ltr'><strong>rere</strong></span> <span class='ocrx_word' id='word_1_23' title='bbox 213 1986 364 2059; x_wconf 91' lang='lat' dir='ltr'><strong>solemus.</strong></span> <span class='ocrx_word' id='word_1_24' title='bbox 417 1987 534 2060; x_wconf 88' lang='lat' dir='ltr'><strong>Aede</strong></span> <span class='ocrx_word' id='word_1_25' title='bbox 561 2014 599 2061; x_wconf 91' lang='lat' dir='ltr'><strong>eo</strong></span> <span class='ocrx_word' id='word_1_26' title='bbox 625 1987 828 2083; x_wconf 79' lang='lat' dir='ltr'><strong>singulatim,</strong></span> <span class='ocrx_word' id='word_1_27' title='bbox 853 2012 949 2086; x_wconf 89' lang='lat' dir='ltr'><strong>quem</strong></span> <span class='ocrx_word' id='word_1_28' title='bbox 976 1986 1085 2059; x_wconf 88' lang='lat' dir='ltr'><strong>adbuc</strong></span> <span class='ocrx_word' id='word_1_29' title='bbox 1107 2010 1242 2084; x_wconf 79' lang='lat' dir='ltr'><strong>reprae-</strong></span> 
     </span>
     <span class='ocr_line' id='line_1_5' title="bbox 105 2108 1243 2208; baseline 0 -26"><span class='ocrx_word' id='word_1_30' title='bbox 105 2110 321 2199; x_wconf 81' lang='lat' dir='ltr'><strong>sentavimus,</strong></span> <span class='ocrx_word' id='word_1_31' title='bbox 349 2112 510 2183; x_wconf 78' lang='lat' dir='ltr'><strong><em>Ecclesiae</em></strong></span> <span class='ocrx_word' id='word_1_32' title='bbox 537 2112 708 2197; x_wconf 79' lang='lat' dir='ltr'><strong>Historiae,</strong></span> <span class='ocrx_word' id='word_1_33' title='bbox 733 2110 760 2181; x_wconf 94' lang='lat' dir='ltr'><strong>si</strong></span> <span class='ocrx_word' id='word_1_34' title='bbox 785 2108 865 2208; x_wconf 93' lang='lat' dir='ltr'><strong>quid</strong></span> <span class='ocrx_word' id='word_1_35' title='bbox 887 2135 1052 2208; x_wconf 78' lang='lat' dir='ltr'><strong>auguror,</strong></span> <span class='ocrx_word' id='word_1_36' title='bbox 1075 2110 1176 2208; x_wconf 91' lang='lat' dir='ltr'><strong>ipsius</strong></span> <span class='ocrx_word' id='word_1_37' title='bbox 1203 2134 1243 2182; x_wconf 90' lang='lat' dir='ltr'><strong>ex</strong></span> 
     </span>
     <span class='ocr_line' id='line_1_6' title="bbox 105 2231 1243 2332; baseline 0.001 -28"><span class='ocrx_word' id='word_1_38' title='bbox 105 2232 303 2330; x_wconf 80' lang='lat' dir='ltr'>aequalibus</span> <span class='ocrx_word' id='word_1_39' title='bbox 321 2231 354 2304; x_wconf 91' lang='lat' dir='ltr'><strong>id</strong></span> <span class='ocrx_word' id='word_1_40' title='bbox 370 2258 568 2332; x_wconf 82' lang='lat' dir='ltr'><strong>cognoscere</strong></span> <span class='ocrx_word' id='word_1_41' title='bbox 589 2233 709 2332; x_wconf 84' lang='lat' dir='ltr'><strong>cupiet,</strong></span> <span class='ocrx_word' id='word_1_42' title='bbox 724 2258 825 2332; x_wconf 91' lang='lat' dir='ltr'><strong>quum</strong></span> <span class='ocrx_word' id='word_1_43' title='bbox 844 2234 915 2330; x_wconf 85' lang='lat' dir='ltr'><strong>ejus</strong></span> <span class='ocrx_word' id='word_1_44' title='bbox 930 2233 1030 2305; x_wconf 94' lang='lat' dir='ltr'><strong>libros</strong></span> <span class='ocrx_word' id='word_1_45' title='bbox 1047 2231 1150 2304; x_wconf 90' lang='lat' dir='ltr'><strong>adibit</strong></span> <span class='ocrx_word' id='word_1_46' title='bbox 1167 2257 1243 2305; x_wconf 87' lang='lat' dir='ltr'><strong>con·</strong></span> 
     </span>
     <span class='ocr_line' id='line_1_7' title="bbox 105 2355 1242 2454; baseline 0.001 -28"><span class='ocrx_word' id='word_1_47' title='bbox 105 2355 277 2452; x_wconf 85' lang='lat' dir='ltr'><strong>soletque,</strong></span> <span class='ocrx_word' id='word_1_48' title='bbox 302 2359 483 2453; x_wconf 72' lang='lat' dir='ltr'><strong>posteritas.</strong></span> <span class='ocrx_word' id='word_1_49' title='bbox 536 2357 578 2429; x_wconf 89' lang='lat' dir='ltr'><strong>lis</strong></span> <span class='ocrx_word' id='word_1_50' title='bbox 609 2356 709 2453; x_wconf 77' lang='lat' dir='ltr'><strong>igitur</strong></span> <span class='ocrx_word' id='word_1_51' title='bbox 741 2355 991 2454; x_wconf 90' lang='lat' dir='ltr'><strong>inaequalibus</strong></span> <span class='ocrx_word' id='word_1_52' title='bbox 1017 2380 1119 2454; x_wconf 91' lang='lat' dir='ltr'><strong>quum</strong></span> <span class='ocrx_word' id='word_1_53' title='bbox 1147 2355 1242 2452; x_wconf 79' lang='lat' dir='ltr'><strong>longe</strong></span> 
     </span>
     <span class='ocr_line' id='line_1_8' title="bbox 104 2477 1243 2579; baseline 0 -29"><span class='ocrx_word' id='word_1_54' title='bbox 104 2479 295 2576; x_wconf 85' lang='lat' dir='ltr'><strong>paucissimi</strong></span> <span class='ocrx_word' id='word_1_55' title='bbox 316 2481 396 2570; x_wconf 90' lang='lat' dir='ltr'><strong>sint,</strong></span> <span class='ocrx_word' id='word_1_56' title='bbox 419 2481 475 2579; x_wconf 90' lang='lat' dir='ltr'><strong>qui</strong></span> <span class='ocrx_word' id='word_1_57' title='bbox 496 2494 561 2552; x_wconf 86' lang='lat' dir='ltr'><strong>tam</strong></span> <span class='ocrx_word' id='word_1_58' title='bbox 582 2479 752 2567; x_wconf 75' lang='lat' dir='ltr'><strong>diuturne,</strong></span> <span class='ocrx_word' id='word_1_59' title='bbox 775 2503 872 2576; x_wconf 89' lang='lat' dir='ltr'><strong>quam</strong></span> <span class='ocrx_word' id='word_1_60' title='bbox 896 2503 973 2574; x_wconf 84' lang='lat' dir='ltr'><strong>ego,</strong></span> <span class='ocrx_word' id='word_1_61' title='bbox 997 2477 1243 2550; x_wconf 86' lang='lat' dir='ltr'><strong>conversatione</strong></span> 
     </span>
     <span class='ocr_line' id='line_1_9' title="bbox 105 2601 1242 2702; baseline -0.003 -25"><span class='ocrx_word' id='word_1_62' title='bbox 105 2616 208 2702; x_wconf 85' lang='lat' dir='ltr'><strong>alque</strong></span> <span class='ocrx_word' id='word_1_63' title='bbox 233 2604 373 2677; x_wconf 72' lang='lat' dir='ltr'><strong>amicitia</strong></span> <span class='ocrx_word' id='word_1_64' title='bbox 406 2605 572 2701; x_wconf 81' lang='lat' dir='ltr'><strong>cognitum</strong></span> <span class='ocrx_word' id='word_1_65' title='bbox 599 2629 673 2678; x_wconf 91' lang='lat' dir='ltr'><strong>eum</strong></span> <span class='ocrx_word' id='word_1_66' title='bbox 701 2602 894 2690; x_wconf 86' lang='lat' dir='ltr'><strong>habuerint,</strong></span> <span class='ocrx_word' id='word_1_67' title='bbox 922 2602 966 2673; x_wconf 87' lang='lat' dir='ltr'><strong>ita</strong></span> <span class='ocrx_word' id='word_1_68' title='bbox 985 2601 1116 2675; x_wconf 93' lang='lat' dir='ltr'><strong>demum</strong></span> <span class='ocrx_word' id='word_1_69' title='bbox 1138 2601 1242 2676; x_wconf 89' lang='lat' dir='ltr'><strong>dilee-</strong></span> 
     </span>
     <span class='ocr_line' id='line_1_10' title="bbox 105 2724 1241 2824; baseline 0.002 -28"><span class='ocrx_word' id='word_1_70' title='bbox 105 2724 222 2798; x_wconf 82' lang='lat' dir='ltr'><strong>tissimi</strong></span> <span class='ocrx_word' id='word_1_71' title='bbox 249 2727 400 2824; x_wconf 81' lang='lat' dir='ltr'><strong>Collegae</strong></span> <span class='ocrx_word' id='word_1_72' title='bbox 426 2728 576 2799; x_wconf 91' lang='lat' dir='ltr'><strong>manibus</strong></span> <span class='ocrx_word' id='word_1_73' title='bbox 601 2729 690 2824; x_wconf 89' lang='lat' dir='ltr'><strong>justa</strong></span> <span class='ocrx_word' id='word_1_74' title='bbox 713 2724 909 2823; x_wconf 87' lang='lat' dir='ltr'><strong>persolvisse</strong></span> <span class='ocrx_word' id='word_1_75' title='bbox 932 2724 1010 2796; x_wconf 91' lang='lat' dir='ltr'><strong>mihi</strong></span> <span class='ocrx_word' id='word_1_76' title='bbox 1037 2724 1191 2816; x_wconf 93' lang='lat' dir='ltr'><strong>videbor,</strong></span> <span class='ocrx_word' id='word_1_77' title='bbox 1216 2727 1241 2798; x_wconf 91' lang='lat' dir='ltr'><strong>si</strong></span> 
     </span>
     <span class='ocr_line' id='line_1_11' title="bbox 106 2848 1244 2948; baseline 0.002 -28"><span class='ocrx_word' id='word_1_78' title='bbox 106 2873 174 2920; x_wconf 90' lang='lat' dir='ltr'><strong>non</strong></span> <span class='ocrx_word' id='word_1_79' title='bbox 200 2849 306 2921; x_wconf 93' lang='lat' dir='ltr'><strong>solum</strong></span> <span class='ocrx_word' id='word_1_80' title='bbox 335 2850 444 2948; x_wconf 90' lang='lat' dir='ltr'><strong>qualia</strong></span> <span class='ocrx_word' id='word_1_81' title='bbox 470 2855 540 2947; x_wconf 84' lang='lat' dir='ltr'><strong>ejus</strong></span> <span class='ocrx_word' id='word_1_82' title='bbox 568 2850 632 2922; x_wconf 93' lang='lat' dir='ltr'><strong>sint</strong></span> <span class='ocrx_word' id='word_1_83' title='bbox 660 2849 780 2947; x_wconf 88' lang='lat' dir='ltr'><strong>scripta</strong></span> <span class='ocrx_word' id='word_1_84' title='bbox 807 2848 1032 2937; x_wconf 86' lang='lat' dir='ltr'><strong>declaravere,</strong></span> <span class='ocrx_word' id='word_1_85' title='bbox 1058 2850 1116 2923; x_wconf 89' lang='lat' dir='ltr'><strong>sed</strong></span> <span class='ocrx_word' id='word_1_86' title='bbox 1141 2850 1244 2948; x_wconf 82' lang='lat' dir='ltr'><strong>qualis</strong></span> 
     </span>
     <span class='ocr_line' id='line_1_12' title="bbox 106 2971 1243 3072; baseline 0.004 -31"><span class='ocrx_word' id='word_1_87' title='bbox 106 2972 174 3069; x_wconf 77' lang='lat' dir='ltr'><strong>ipse</strong></span> <span class='ocrx_word' id='word_1_88' title='bbox 198 2974 296 3068; x_wconf 77' lang='lat' dir='ltr'><strong>fuerit</strong></span> <span class='ocrx_word' id='word_1_89' title='bbox 321 2973 430 3072; x_wconf 93' lang='lat' dir='ltr'><strong>paullo</strong></span> <span class='ocrx_word' id='word_1_90' title='bbox 454 2972 623 3059; x_wconf 88' lang='lat' dir='ltr'><strong>disertius,</strong></span> <span class='ocrx_word' id='word_1_91' title='bbox 651 2996 750 3070; x_wconf 91' lang='lat' dir='ltr'><strong>quam</strong></span> <span class='ocrx_word' id='word_1_92' title='bbox 783 2971 892 3043; x_wconf 89' lang='lat' dir='ltr'><strong>adbuc</strong></span> <span class='ocrx_word' id='word_1_93' title='bbox 917 2971 1025 3044; x_wconf 86' lang='lat' dir='ltr'><strong>lacere</strong></span> <span class='ocrx_word' id='word_1_94' title='bbox 1049 2972 1161 3069; x_wconf 90' lang='lat' dir='ltr'><strong>potui,</strong></span> <span class='ocrx_word' id='word_1_95' title='bbox 1183 2998 1243 3045; x_wconf 89' lang='lat' dir='ltr'><strong>eo-</strong></span> 
     </span>
     <span class='ocr_line' id='line_1_13' title="bbox 110 3108 462 3168; baseline 0.009 -3"><span class='ocrx_word' id='word_1_96' title='bbox 110 3108 210 3168; x_wconf 87' lang='lat' dir='ltr'><strong>natus</strong></span> <span class='ocrx_word' id='word_1_97' title='bbox 235 3121 292 3167; x_wconf 92' lang='lat' dir='ltr'><strong>ero</strong></span> <span class='ocrx_word' id='word_1_98' title='bbox 317 3120 462 3168; x_wconf 85' lang='lat' dir='ltr'><strong>narrare.</strong></span> 
     </span>
    </p>

    <p class='ocr_par' dir='ltr' id='par_1_3' title="bbox 112 3215 1247 3810">
     <span class='ocr_line' id='line_1_14' title="bbox 159 3215 1244 3317; baseline -0.004 -27"><span class='ocrx_word' id='word_1_99' title='bbox 159 3221 305 3316; x_wconf 90' lang='lat' dir='ltr'><strong>Corpore</strong></span> <span class='ocrx_word' id='word_1_100' title='bbox 329 3219 427 3315; x_wconf 79' lang='lat' dir='ltr'><strong>igitur</strong></span> <span class='ocrx_word' id='word_1_101' title='bbox 449 3231 548 3317; x_wconf 88' lang='lat' dir='ltr'><strong>atque</strong></span> <span class='ocrx_word' id='word_1_102' title='bbox 574 3217 681 3290; x_wconf 85' lang='lat' dir='ltr'><strong>animo</strong></span> <span class='ocrx_word' id='word_1_103' title='bbox 705 3230 738 3289; x_wconf 94' lang='lat' dir='ltr'><strong>et</strong></span> <span class='ocrx_word' id='word_1_104' title='bbox 761 3217 912 3289; x_wconf 74' lang='lat' dir='ltr'><strong>universa</strong></span> <span class='ocrx_word' id='word_1_105' title='bbox 937 3215 1021 3289; x_wconf 88' lang='lat' dir='ltr'><strong>vitae</strong></span> <span class='ocrx_word' id='word_1_106' title='bbox 1044 3215 1169 3287; x_wconf 88' lang='lat' dir='ltr'><strong>ratione</strong></span> <span class='ocrx_word' id='word_1_107' title='bbox 1187 3218 1244 3312; x_wconf 92' lang='lat' dir='ltr'><strong>qui</strong></span> 
     </span>
     <span class='ocr_line' id='line_1_15' title="bbox 112 3339 1243 3439; baseline 0 -28"><span class='ocrx_word' id='word_1_108' title='bbox 112 3341 210 3414; x_wconf 88' lang='lat' dir='ltr'><strong>luerit</strong></span> <span class='ocrx_word' id='word_1_109' title='bbox 228 3342 341 3439; x_wconf 85' lang='lat' dir='ltr'><strong>Roya</strong></span> <span class='ocrx_word' id='word_1_110' title='bbox 352 3340 539 3427; x_wconf 90' lang='lat' dir='ltr'><strong>ardsius,</strong></span> <span class='ocrx_word' id='word_1_111' title='bbox 556 3341 582 3412; x_wconf 90' lang='lat' dir='ltr'><strong>si</strong></span> <span class='ocrx_word' id='word_1_112' title='bbox 599 3340 784 3437; x_wconf 70' lang='lat' dir='ltr'><strong>quaeritur,</strong></span> <span class='ocrx_word' id='word_1_113' title='bbox 801 3363 939 3438; x_wconf 86' lang='lat' dir='ltr'><strong>corpore</strong></span> <span class='ocrx_word' id='word_1_114' title='bbox 956 3339 1112 3411; x_wconf 82' lang='lat' dir='ltr'><strong>utebatur</strong></span> <span class='ocrx_word' id='word_1_115' title='bbox 1127 3353 1243 3436; x_wconf 80' lang='lat' dir='ltr'><strong>vegeto</strong></span> 
     </span>
     <span class='ocr_line' id='line_1_16' title="bbox 115 3460 1245 3562; baseline -0.003 -26"><span class='ocrx_word' id='word_1_116' title='bbox 115 3489 150 3536; x_wconf 88' lang='lat' dir='ltr'><strong>ao</strong></span> <span class='ocrx_word' id='word_1_117' title='bbox 171 3478 299 3553; x_wconf 90' lang='lat' dir='ltr'><strong>toroso,</strong></span> <span class='ocrx_word' id='word_1_118' title='bbox 321 3464 362 3536; x_wconf 83' lang='lat' dir='ltr'><strong>arl</strong></span> <span class='ocrx_word' id='word_1_119' title='bbox 385 3463 476 3537; x_wconf 90' lang='lat' dir='ltr'><strong>virile</strong></span> <span class='ocrx_word' id='word_1_120' title='bbox 501 3464 604 3535; x_wconf 87' lang='lat' dir='ltr'><strong>robur</strong></span> <span class='ocrx_word' id='word_1_121' title='bbox 621 3465 801 3562; x_wconf 86' lang='lat' dir='ltr'><strong>composito</strong></span> <span class='ocrx_word' id='word_1_122' title='bbox 826 3463 881 3535; x_wconf 95' lang='lat' dir='ltr'><strong>illo</strong></span> <span class='ocrx_word' id='word_1_123' title='bbox 901 3488 939 3535; x_wconf 90' lang='lat' dir='ltr'><strong>ao</strong></span> <span class='ocrx_word' id='word_1_124' title='bbox 962 3487 1112 3561; x_wconf 89' lang='lat' dir='ltr'><strong>procero,</strong></span> <span class='ocrx_word' id='word_1_125' title='bbox 1135 3460 1245 3560; x_wconf 90' lang='lat' dir='ltr'><strong>quod,</strong></span> 
     </span>
     <span class='ocr_line' id='line_1_17' title="bbox 115 3588 1247 3686; baseline -0.003 -27"><span class='ocrx_word' id='word_1_126' title='bbox 115 3588 316 3684; x_wconf 86' lang='lat' dir='ltr'><strong>provectiore</strong></span> <span class='ocrx_word' id='word_1_127' title='bbox 339 3588 496 3686; x_wconf 87' lang='lat' dir='ltr'><strong>imprimis</strong></span> <span class='ocrx_word' id='word_1_128' title='bbox 513 3601 639 3676; x_wconf 89' lang='lat' dir='ltr'><strong>aetate,</strong></span> <span class='ocrx_word' id='word_1_129' title='bbox 658 3589 794 3661; x_wconf 91' lang='lat' dir='ltr'><strong>obesum</strong></span> <span class='ocrx_word' id='word_1_130' title='bbox 818 3589 927 3686; x_wconf 90' lang='lat' dir='ltr'><strong>potius</strong></span> <span class='ocrx_word' id='word_1_131' title='bbox 944 3600 1031 3676; x_wconf 90' lang='lat' dir='ltr'><strong>erat,</strong></span> <span class='ocrx_word' id='word_1_132' title='bbox 1054 3611 1151 3686; x_wconf 87' lang='lat' dir='ltr'><strong>quam</strong></span> <span class='ocrx_word' id='word_1_133' title='bbox 1171 3609 1247 3681; x_wconf 81' lang='lat' dir='ltr'><strong>gra-</strong></span> 
     </span>
     <span class='ocr_line' id='line_1_18' title="bbox 118 3710 1244 3810; baseline -0.003 -28"><span class='ocrx_word' id='word_1_134' title='bbox 118 3711 173 3784; x_wconf 91' lang='lat' dir='ltr'><strong>cile</strong></span> <span class='ocrx_word' id='word_1_135' title='bbox 190 3710 363 3784; x_wconf 87' lang='lat' dir='ltr'><strong>dicendum</strong></span> <span class='ocrx_word' id='word_1_136' title='bbox 385 3713 447 3810; x_wconf 86' lang='lat' dir='ltr'><strong>(l).</strong></span> <span class='ocrx_word' id='word_1_137' title='bbox 486 3711 648 3785; x_wconf 90' lang='lat' dir='ltr'><strong>Valetudo</strong></span> <span class='ocrx_word' id='word_1_138' title='bbox 666 3712 749 3785; x_wconf 88' lang='lat' dir='ltr'><strong>laeta</strong></span> <span class='ocrx_word' id='word_1_139' title='bbox 767 3712 961 3810; x_wconf 90' lang='lat' dir='ltr'><strong>plerumque</strong></span> <span class='ocrx_word' id='word_1_140' title='bbox 982 3736 1020 3782; x_wconf 88' lang='lat' dir='ltr'><strong>ae</strong></span> <span class='ocrx_word' id='word_1_141' title='bbox 1040 3711 1146 3782; x_wconf 89' lang='lat' dir='ltr'><strong>lausta</strong></span> <span class='ocrx_word' id='word_1_142' title='bbox 1165 3721 1244 3795; x_wconf 90' lang='lat' dir='ltr'><strong>erat,</strong></span> 
     </span>
    </p>
   </div>
   <div class='ocr_carea' id='block_1_3' title="bbox 116 3890 255 3903">
    <p class='ocr_par' dir='ltr' id='par_1_4' title="bbox 116 3890 255 3903">
     <span class='ocr_line' id='line_1_19' title="bbox 116 3890 255 3903; baseline -0.007 -2"><span class='ocrx_word' id='word_1_143' title='bbox 116 3890 255 3903; x_wconf 49' lang='lat'>⁸0⁸—-</span> 
     </span>
    </p>
   </div>
   <div class='ocr_carea' id='block_1_4' title="bbox 108 4003 1251 4576">
    <p class='ocr_par' dir='ltr' id='par_1_5' title="bbox 108 4003 1251 4576">
     <span class='ocr_line' id='line_1_20' title="bbox 150 4003 1247 4080; baseline -0.004 -18"><span class='ocrx_word' id='word_1_144' title='bbox 150 4009 201 4080; x_wconf 88' lang='lat' dir='ltr'><strong>(l)</strong></span> <span class='ocrx_word' id='word_1_145' title='bbox 224 4007 334 4076; x_wconf 81' lang='lat' dir='ltr'><strong>Corpore</strong></span> <span class='ocrx_word' id='word_1_146' title='bbox 347 4005 433 4077; x_wconf 85' lang='lat' dir='ltr'><strong>igitur</strong></span> <span class='ocrx_word' id='word_1_147' title='bbox 450 4006 651 4061; x_wconf 81' lang='lat' dir='ltr'><strong>Abrahamo</strong></span> <span class='ocrx_word' id='word_1_148' title='bbox 668 4004 822 4061; x_wconf 78' lang='lat' dir='ltr'><strong>Celovio</strong></span> <span class='ocrx_word' id='word_1_149' title='bbox 843 4005 1049 4078; x_wconf 83' lang='lat' dir='ltr'><strong>quodammodo</strong></span> <span class='ocrx_word' id='word_1_150' title='bbox 1067 4003 1163 4058; x_wconf 88' lang='lat' dir='ltr'><strong>similis</strong></span> <span class='ocrx_word' id='word_1_151' title='bbox 1176 4009 1247 4071; x_wconf 86' lang='lat' dir='ltr'><strong>erat,</strong></span> 
     </span>
     <span class='ocr_line' id='line_1_21' title="bbox 111 4103 1249 4176; baseline -0.007 -12"><span class='ocrx_word' id='word_1_152' title='bbox 111 4105 330 4164; x_wconf 76' lang='lat' dir='ltr'><strong>celebratissimo</strong></span> <span class='ocrx_word' id='word_1_153' title='bbox 349 4106 595 4174; x_wconf 68' lang='lat' dir='ltr'><strong>Vitemberpensium</strong></span> <span class='ocrx_word' id='word_1_154' title='bbox 616 4104 707 4160; x_wconf 86' lang='lat' dir='ltr'><strong>seculo</strong></span> <span class='ocrx_word' id='word_1_155' title='bbox 728 4104 827 4174; x_wconf 90' lang='lat' dir='ltr'><strong>XVII,</strong></span> <span class='ocrx_word' id='word_1_156' title='bbox 845 4104 991 4176; x_wconf 85' lang='lat' dir='ltr'><strong>Theologo</strong></span> <span class='ocrx_word' id='word_1_157' title='bbox 1013 4103 1183 4157; x_wconf 86' lang='lat' dir='ltr'><strong>Lutherano.</strong></span> <span class='ocrx_word' id='word_1_158' title='bbox 1223 4103 1249 4156; x_wconf 79' lang='lat' dir='ltr'>A</span> 
     </span>
     <span class='ocr_line' id='line_1_22' title="bbox 108 4200 1249 4280; baseline -0.005 -20"><span class='ocrx_word' id='word_1_159' title='bbox 108 4208 192 4280; x_wconf 83' lang='lat' dir='ltr'><strong>eujus</strong></span> <span class='ocrx_word' id='word_1_160' title='bbox 206 4214 300 4261; x_wconf 87' lang='lat' dir='ltr'><strong>tamen</strong></span> <span class='ocrx_word' id='word_1_161' title='bbox 314 4205 343 4258; x_wconf 92' lang='lat' dir='ltr'><strong>in</strong></span> <span class='ocrx_word' id='word_1_162' title='bbox 363 4204 559 4259; x_wconf 86' lang='lat' dir='ltr'><strong>dissentientes</strong></span> <span class='ocrx_word' id='word_1_163' title='bbox 576 4204 679 4259; x_wconf 73' lang='lat' dir='ltr'><strong>ferocia</strong></span> <span class='ocrx_word' id='word_1_164' title='bbox 691 4221 724 4258; x_wconf 84' lang='lat' dir='ltr'><strong>eo</strong></span> <span class='ocrx_word' id='word_1_165' title='bbox 743 4203 917 4260; x_wconf 74' lang='lat' dir='ltr'><strong>vehementia</strong></span> <span class='ocrx_word' id='word_1_166' title='bbox 938 4203 1068 4276; x_wconf 80' lang='lat' dir='ltr'><strong>Collegae</strong></span> <span class='ocrx_word' id='word_1_167' title='bbox 1083 4201 1171 4258; x_wconf 87' lang='lat' dir='ltr'><strong>nostri</strong></span> <span class='ocrx_word' id='word_1_168' title='bbox 1190 4200 1249 4255; x_wconf 88' lang='lat' dir='ltr'><strong>aui·</strong></span> 
     </span>
     <span class='ocr_line' id='line_1_23' title="bbox 110 4302 1249 4377; baseline -0.007 -15"><span class='ocrx_word' id='word_1_169' title='bbox 110 4321 177 4362; x_wconf 81' lang='lat' dir='ltr'><strong>mus</strong></span> <span class='ocrx_word' id='word_1_170' title='bbox 198 4311 372 4377; x_wconf 87' lang='lat' dir='ltr'><strong>quantopere</strong></span> <span class='ocrx_word' id='word_1_171' title='bbox 393 4304 554 4359; x_wconf 87' lang='lat' dir='ltr'><strong>abhorreret</strong></span> <span class='ocrx_word' id='word_1_172' title='bbox 573 4303 703 4358; x_wconf 88' lang='lat' dir='ltr'><strong>novimus</strong></span> <span class='ocrx_word' id='word_1_173' title='bbox 720 4320 825 4358; x_wconf 90' lang='lat' dir='ltr'><strong>omnes.</strong></span> <span class='ocrx_word' id='word_1_174' title='bbox 853 4304 896 4358; x_wconf 87' lang='lat' dir='ltr'><strong>De</strong></span> <span class='ocrx_word' id='word_1_175' title='bbox 917 4303 1067 4359; x_wconf 78' lang='lat' dir='ltr'><strong>Celovio</strong></span> <span class='ocrx_word' id='word_1_176' title='bbox 1087 4302 1249 4373; x_wconf 83' lang='lat' dir='ltr'><strong>multapas·</strong></span> 
     </span>
     <span class='ocr_line' id='line_1_24' title="bbox 108 4402 1251 4476; baseline -0.007 -14"><span class='ocrx_word' id='word_1_177' title='bbox 108 4408 167 4463; x_wconf 83' lang='lat' dir='ltr'><strong>sim</strong></span> <span class='ocrx_word' id='word_1_178' title='bbox 187 4404 379 4461; x_wconf 83' lang='lat' dir='ltr'><strong>memorabilia</strong></span> <span class='ocrx_word' id='word_1_179' title='bbox 397 4404 494 4460; x_wconf 87' lang='lat' dir='ltr'><strong>retulit</strong></span> <span class='ocrx_word' id='word_1_180' title='bbox 514 4403 549 4458; x_wconf 82' lang='lat' dir='ltr'><strong>A.</strong></span> <span class='ocrx_word' id='word_1_181' title='bbox 571 4403 751 4472; x_wconf 84' lang='lat' dir='ltr'><strong>Tholuok,</strong></span> <span class='ocrx_word' id='word_1_182' title='bbox 773 4403 801 4458; x_wconf 91' lang='lat' dir='ltr'><strong>in</strong></span> <span class='ocrx_word' id='word_1_183' title='bbox 828 4404 949 4476; x_wconf 88' lang='lat' dir='ltr'><strong>optimae</strong></span> <span class='ocrx_word' id='word_1_184' title='bbox 969 4403 1056 4475; x_wconf 86' lang='lat' dir='ltr'><strong>frugis</strong></span> <span class='ocrx_word' id='word_1_185' title='bbox 1075 4403 1164 4459; x_wconf 89' lang='lat' dir='ltr'><strong>libro:</strong></span> <span class='ocrx_word' id='word_1_186' title='bbox 1195 4402 1251 4456; x_wconf 86' lang='lat' dir='ltr'><strong>Der</strong></span> 
     </span>
     <span class='ocr_line' id='line_1_25' title="bbox 111 4500 1249 4576; baseline -0.006 -14"><span class='ocrx_word' id='word_1_187' title='bbox 111 4507 191 4565; x_wconf 78' lang='lat' dir='ltr'><strong>Gelet</strong></span> <span class='ocrx_word' id='word_1_188' title='bbox 216 4509 262 4562; x_wconf 86' lang='lat' dir='ltr'><strong>der</strong></span> <span class='ocrx_word' id='word_1_189' title='bbox 289 4506 378 4562; x_wconf 78' lang='lat' dir='ltr'><strong>lether.</strong></span> <span class='ocrx_word' id='word_1_190' title='bbox 405 4505 544 4576; x_wconf 64' lang='lat' dir='ltr'><strong>Tteotopen</strong></span> <span class='ocrx_word' id='word_1_191' title='bbox 575 4504 749 4574; x_wconf 75' lang='lat' dir='ltr'><strong>Wlttemberps</strong></span> <span class='ocrx_word' id='word_1_192' title='bbox 776 4505 811 4560; x_wconf 84' lang='lat' dir='ltr'><strong>im</strong></span> <span class='ocrx_word' id='word_1_193' title='bbox 844 4504 964 4575; x_wconf 80' lang='lat' dir='ltr'><strong>Verleufe</strong></span> <span class='ocrx_word' id='word_1_194' title='bbox 989 4507 1033 4560; x_wconf 80' lang='lat' dir='ltr'><strong>des</strong></span> <span class='ocrx_word' id='word_1_195' title='bbox 1063 4507 1135 4558; x_wconf 77' lang='lat' dir='ltr'><strong>17een</strong></span> <span class='ocrx_word' id='word_1_196' title='bbox 1155 4500 1249 4555; x_wconf 79' lang='lat' dir='ltr'><strong>Jatrt.</strong></span> 
     </span>
    </p>
   </div>
   <div class='ocr_carea' id='block_1_5' title="bbox 0 0 1398 4958">
    <p class='ocr_par' dir='ltr' id='par_1_6' title="bbox 0 0 1398 4958">
     <span class='ocr_line' id='line_1_26' title="bbox 0 0 1398 4958; baseline 0 0"><span class='ocrx_word' id='word_1_197' title='bbox 0 0 1398 4958; x_wconf 95' lang='lat' dir='ltr'><strong> </strong></span> 
     </span>
    </p>
   </div>
  </div>
 </body>
</html>
