2782 4958
218 360 281 425 198
607 377 647 420 on
669 377 770 420 uerna
792 375 955 420 oaruncrrs

220 544 343 610 helmi
363 544 410 618 ΙΙΙ,
432 542 564 627 primum
590 542 622 605 in
645 541 801 614 notitiam,
827 540 937 603 deinde
956 542 989 603 in
1011 542 1162 622 savorem,
1182 547 1293 613 tandem
1310 552 1336 614 iu

221 660 385 725 amicitiam
408 657 590 742 perveniret.
631 656 724 740 Cujus
746 656 896 720 amicitiae
914 656 977 740 ipse
1000 656 1088 721 nobis
1103 660 1192 723 testis
1210 670 1254 726 est
1272 662 1336 729 locu·

220 773 404 859 pletissimus
426 771 643 857 Eylertius.
693 771 766 847 Qui,
784 792 846 833 non
869 769 924 834 diu
949 775 1017 854 post
1041 772 1232 852 defunctum,
1258 779 1336 843 medio

222 910 301 952 anno
328 888 427 967 1840,
454 888 563 972 Regem
590 885 778 968 eundemque
806 885 968 949 Patronum
995 889 1275 970 propensissimum,
1300 914 1337 957 co.

221 1001 413 1088 piosoedito
435 1020 542 1084 opere,
566 997 650 1061 illius
668 1002 700 1060 et
722 998 916 1061 characterem
940 1002 972 1060 et
996 1019 1032 1061 ex
1056 1005 1141 1082 parte
1163 1008 1244 1067 certe
1263 1007 1338 1069 ritca

221 1116 281 1180 sibi
303 1113 528 1180 describendam
545 1114 665 1196 putavit
679 1112 739 1197 (l).
773 1112 868 1186 Quem
891 1109 1021 1188 librum,
1044 1117 1117 1177 utut
1137 1117 1336 1199 praestabilem,

220 1232 399 1316 integriores
422 1230 511 1292 etiam
529 1227 631 1291 laudes
655 1225 830 1290 habiturum
853 1225 944 1288 fuime
966 1246 1027 1289 non
1051 1227 1130 1291 nulli
1153 1234 1304 1314 putarunt,
1319 1237 1338 1298 si

220 1344 339 1410 breuior
363 1349 459 1423 esset,
487 1364 542 1406 nec
569 1342 659 1406 toties
682 1362 735 1425 per
764 1341 890 1404 insertas
912 1341 1063 1404 orationes
1085 1344 1223 1426 variique
1243 1350 1340 1432 generis

221 1479 365 1522 excursus
388 1457 545 1541 abruptam
568 1455 689 1519 haberet
710 1455 890 1519 narrationis
910 1454 1016 1533 telam,
1039 1459 1121 1520 acsi
1142 1460 1234 1545 Regis
1254 1463 1340 1546 optimi

221 1595 338 1658 semper
367 1573 570 1648 Historiam,
597 1592 760 1653 uunquam.
783 1571 995 1656 Puaeqyricrrm
1025 1574 1136 1657 egisset
1164 1553 1285 1639 Auctor.
1323 1578 1340 1638 l

221 1707 351 1770 quorum
368 1686 484 1769 judicio
507 1687 533 1749 si
554 1707 615 1749 non
637 1683 726 1769 plane
742 1683 902 1760 dissentio,
922 1686 1077 1750 fatendum
1096 1693 1198 1753 tamen
1221 1695 1264 1753 est
1276 1688 1339 1753 mul·

221 1807 275 1866 tos
299 1800 349 1864 hic
379 1821 428 1864 me
458 1799 540 1864 locos
571 1801 720 1864 iuvenisse
750 1798 920 1882 multasque
947 1801 1151 1879 narrationes,
1177 1809 1239 1868 tam
1259 1807 1341 1869 nabat

222 1915 359 1993 lucentes
381 1914 587 1999 pulcritudine
609 1936 644 1977 ac
665 1919 728 1977 tam
746 1914 903 1977 manifesta
925 1913 1068 1979 babentes
1093 1918 1158 1980 veri
1181 1919 1298 2002 indicia,
1315 1924 1340 1982 ut

222 2031 261 2094 iis
281 2029 418 2114 legendis
440 2050 475 2093 ac
498 2027 666 2114 relegendis
692 2029 793 2091 satiari
817 2030 868 2093 vix
894 2048 1025 2112 possem.
1074 2031 1135 2093 Nec
1162 2031 1339 2097 dubitandum

225 2151 271 2210 est
293 2146 368 2229 quin
392 2168 430 2209 err
453 2145 558 2210 eodem
579 2145 669 2209 hocce
692 2166 782 2230 opere
804 2142 953 2228 permulta
975 2144 1095 2209 haurire
1113 2145 1216 2229 liceat,
1233 2148 1268 2211 ad
1283 2152 1339 2212 tern-

222 2282 333 2347 porum
354 2260 477 2325 illorum
497 2282 543 2324 res
562 2259 665 2325 civiles
684 2259 903 2345 cognoscendas
924 2264 1014 2342 atque
1031 2260 1245 2327 ecclesiasticas
1262 2261 1338 2326 utilis

224 2377 301 2439 sima
324 2379 355 2438 et
380 2375 631 2438 fructuosissima.
679 2377 807 2455 Verum,
828 2377 864 2436 ut
887 2394 923 2436 eo
946 2373 1047 2438 redeat
1070 2376 1186 2458 oratio,
1206 2375 1338 2461 permultis

224 2489 277 2552 hic
297 2488 385 2552 nobis
413 2487 558 2573 exemplis
578 2493 696 2552 constat
718 2508 752 2551 ac
775 2487 986 2563 documentis,
1010 2489 1123 2573 Regem
1144 2490 1225 2554 inter
1245 2492 1337 2573 1181-

221 2603 389 2668 lertium
410 2603 683 2668 eamintercessisse
705 2603 853 2666 amicitiae
868 2602 1117 2680 familiaritatem,
1137 2607 1199 2686 qua
1215 2604 1337 2689 potentis·

222 2719 299 2781 simo
319 2719 411 2802 jungi
434 2711 504 2782 cum
528 2720 667 2803 Principe
684 2718 832 2782 rarissime
853 2719 905 2802 pio
928 2741 962 2783 ac
984 2717 1067 2783 fideli
1090 2721 1245 2807 contingit
1264 2723 1338 2784 Euan·

223 2829 298 2915 gelii
320 2831 465 2896 Ministro.

266 3061 330 3123 Non
355 3061 465 3125 mirum
487 3063 583 3146 igitur
602 3063 635 3125 in
657 3062 745 3126 illum
769 3060 842 3126 alios
861 3083 898 3126 ex
920 3061 986 3126 aliis
1005 3083 1074 3126 eum
1093 3084 1157 3126 non
1180 3062 1338 3137 contulisse,

222 3174 275 3237 aed
306 3175 445 3239 effudisse
476 3175 615 3240 honores.
665 3178 798 3240 Primum
828 3176 965 3260 quidem,
1000 3199 1028 3240 a.
1058 3178 1166 3253 1806,
1198 3177 1343 3242 Hammoni

221 3286 412 3351 Potsdamum
432 3292 477 3351 est
495 3292 650 3364 evocatus,
667 3292 703 3352 ut
722 3293 754 3352 et
769 3291 869 3352 rurae
888 3292 986 3374 rapiar
1005 3295 1035 3355 et
1054 3293 1187 3355 militum
1207 3291 1342 3357 Prmridir

223 3478 375 3486 ..ψ-..ἢ

257 3619 300 3684 (l)
318 3620 511 3685 Cborolrterar'r'po
522 3638 546 3670 u.
564 3620 617 3670 bist.
629 3621 773 3686 Fraqmerra
789 3638 834 3672 aaa
848 3622 899 3673 dem
910 3622 990 3674 Labeo
1006 3624 1049 3675 des
1065 3625 1163 3692 Kdrriqa
1181 3644 1225 3678 uon
1237 3628 1343 3678 Praurzrr

224 3715 401 3764 Friedrioh
419 3714 578 3765 Wilhclm
600 3713 650 3762 ΙΙΙ.
668 3713 710 3763 ΙΙΙ
727 3712 833 3777 Buade,·
850 3713 969 3781 Mapdeb.
991 3723 1166 3769 1848-1846.
1202 3721 1296 3770 Multos
1311 3721 1343 3768 ir·

224 3809 324 3857 venisse
343 3822 407 3871 opus
425 3823 455 3857 ac
472 3810 577 3872 cupidos
595 3815 720 3865 emtores,
738 3809 920 3874 hincapparet
938 3811 1005 3875 quod
1024 3811 1099 3861 Tum.
1112 3811 1126 3861 1
1140 3816 1232 3875 quarta
1249 3812 1343 3862 editiora

222 3899 366 3962 publicatus
384 3906 439 3956 est,
458 3899 552 3959 ibidem,
574 3904 648 3949 1844.

256 3991 370 4041 Tertiam
396 3993 473 4042 totius
498 3994 583 4056 operis
601 3993 738 4045 editionem
756 3997 884 4060 expressit
901 4011 954 4047 rav.
973 3997 1008 4047 A.
1026 3995 1061 4046 Η.
1079 4013 1139 4047 van
1158 3999 1216 4048 der
1233 3997 1344 4051 Hoevr.

221 4084 263 4134 cui
282 4085 400 4134 universe
425 4086 569 4148 elegantem
587 4086 657 4136 illius
682 4093 795 4139 nostram
821 4091 848 4138 in
870 4090 984 4153 linguam
1008 4090 1131 4140 debemus
1148 4092 1343 4141 conversionem

222 4176 303 4227 Amet.
325 4182 397 4228 1847.
419 4184 491 4228 1848.
518 4179 569 4229 Ubi
589 4179 661 4229 binas
679 4181 705 4230 in
723 4181 815 4231 Partes
829 4183 989 4246 dispertitum
1008 4189 1091 4232 exstat
1109 4182 1243 4234 Volumen
1261 4183 1308 4242 ΙΙΙ,
1323 4193 1345 4230 rc

225 4275 290 4319 1800
316 4272 418 4320 circiter
444 4287 518 4335 pagg.
537 4287 602 4336 opus
626 4274 728 4338 implam
753 4275 784 4324 de
811 4290 863 4338 quo
888 4281 1032 4325 accuratam
1057 4275 1201 4340 scitumque
1225 4275 1344 4339 legendam

220 4366 371 4413 commendo
390 4365 550 4424 relationem,
564 4366 637 4430 cujus
654 4373 742 4417 auctor
759 4368 853 4418 dicitur
869 4369 909 4418 Μ.
922 4367 965 4424 ΙΙ,
983 4369 1010 4418 iu
1022 4367 1130 4432 uphem.
1148 4367 1210 4418 Vad.
1225 4362 1345 4430 Lauarorff·

220 4458 251 4506 ud
269 4472 292 4506 a.
314 4460 387 4506 1848.
411 4463 431 4505 1.
449 4473 474 4520 p.
495 4463 541 4506 162
559 4473 617 4524 sqq.
637 4467 704 4524 etp.
723 4465 773 4510 203
791 4475 858 4524 sqq,
878 4463 909 4511 ad
927 4475 950 4510 a.
971 4465 1046 4520 1849,
1069 4467 1091 4512 1.
1109 4475 1170 4524 pag.
1190 4466 1240 4511 385
1259 4473 1310 4524 sqq.
