2782 4958
223 361 285 424 ΜΟ
704 376 859 423 amaoauu

220 557 333 630 torum,
359 570 447 633 quem
466 549 575 614 summi
594 549 729 613 omniurn
747 547 925 632 Prophetae,
946 567 1048 631 quem,
1069 547 1122 612 Dei
1144 548 1270 612 Numine
1288 546 1332 632 ple

219 684 305 744 num,
331 665 542 729 remotissimos
563 684 697 748 quosque
719 664 814 726 futuri
837 662 980 746 temporis
996 662 1098 724 exitus
1119 660 1263 725 cecinisse
1283 681 1333 745 per·

218 780 422 843 snesimimum
444 777 502 842 sibi
527 775 685 842 habebant.
718 780 811 841 Tuam
833 776 935 853 fidem,
961 776 1055 840 amice
1079 777 1206 842 Lector!
1229 775 1336 860 hujusne

219 895 407 978 potissimum
428 899 611 957 sacrosancta
634 891 788 957 volumina
801 891 908 955 alicnis
930 912 981 955 cos
996 909 1119 955 onerare
1144 889 1285 970 voluisse,
1297 910 1337 954 un·

219 1008 311 1091 dique
334 1009 470 1089 corrasis,
496 1007 705 1071 additamentis
727 1005 794 1070 Tibi
816 1004 972 1091 probabile
994 1006 1127 1087 ridetur,
1153 1011 1208 1070 aut
1230 1003 1338 1079 callidis,

218 1124 246 1186 si
269 1124 322 1206 qui
344 1123 470 1197 fuerint,
501 1119 686 1202 hominibus,
711 1141 764 1184 sna
787 1141 841 1206 pro
864 1121 1021 1184 Jceot'orrr'r
1042 1117 1272 1184 venditentibus
1293 1136 1341 1180 coe·

219 1259 284 1303 cam
308 1238 445 1303 habuisse
468 1237 581 1302 fidem?

266 1354 340 1417 Cum
363 1353 414 1435 iis,
436 1357 537 1417 summ
559 1372 636 1436 quae
658 1373 695 1415 ex
718 1352 842 1414 ineunte
864 1350 1051 1434 reposuimus
1074 1350 1223 1413 lntroitlls
1251 1348 1341 1414 ultimi
1383 1348 1385 1475 Ι

219 1469 366 1542 sectione,
391 1467 541 1551 quomodo
563 1486 652 1550 qnae,
684 1466 819 1550 ejusdem
841 1463 898 1529 sub
921 1466 1023 1538 finem,
1054 1464 1092 1527 de
1115 1464 1244 1528 Jeeoi'ce
1265 1465 1339 1549 Gapp.
1382 1482 1385 1545 r

222 1584 303 1646 XL--
317 1585 398 1647 LXVI
421 1582 572 1666 disputat,
606 1582 767 1645 concinant
790 1580 898 1647 autin
920 1577 1109 1642 concordiam
1132 1579 1269 1642 revocari
1289 1597 1340 1662 pos
1382 1556 1385 1665 l

219 1697 294 1771 sint,
320 1695 405 1760 nulla
427 1699 518 1781 opert
541 1716 588 1759 me
611 1716 696 1780 posse
719 1695 863 1780 expiscari
894 1695 998 1759 fateor.
1048 1693 1156 1759 Omnia
1182 1693 1264 1756 enim
1286 1691 1339 1756 haer

220 1811 325 1895 Capita
346 1810 384 1874 ab
405 1811 510 1874 eodem
532 1809 635 1894 aliquo
657 1809 816 1895 repetenda
850 1829 913 1871 eme
937 1805 1085 1892 Propheta
1107 1805 1281 1888 contendit,
1300 1808 1339 1870 Bt·

221 1923 361 2008 bylonioo
383 1925 415 1988 in
439 1924 545 1988 exsilio
567 1926 687 1989 vivente
710 1923 763 1989 illo
787 1930 877 2007 atque
898 1945 935 1988 eo
947 1971 955 2001 ,
980 1945 1043 2008 quo
1065 1944 1150 1986 nnnc
1171 1944 1204 1987 se
1228 1921 1336 1998 hebent,
1382 1908 1385 1977 l

219 2039 325 2103 ordine
347 2060 401 2103 sua
422 2038 493 2103 haec
524 2039 699 2124 disponente
727 2038 879 2102 vaticinia.
930 2039 1079 2102 »Cauarae
1104 2039 1218 2112 oero‚”
1244 2035 1336 2118 inquit,
1383 2030 1385 2037 ’

221 2152 347 2235 »quibua
360 2154 482 2239 factore
503 2152 546 2216 ait
567 2161 602 2216 at
623 2155 748 2219 Jeaaioe
770 2176 805 2217 eo
828 2153 1037 2234 tribuerentur,
1061 2152 1192 2231 reperire
1213 2174 1271 2216 non
1283 2169 1337 2229 prr·

222 2287 341 2330 »sumre
363 2287 415 2329 nec
436 2265 623 2345 explicaress’
669 2267 787 2330 Siccine
811 2267 861 2330 hio
880 2268 942 2352 jam
965 2269 1093 2332 Griticus
1115 2288 1223 2332 eorum
1245 2264 1336 2330 oblitus

221 2385 297 2453 crat,
321 2381 457 2464 quaeda
485 2380 616 2460 ludaeis,
644 2382 809 2449 αδίσποτα
839 2384 951 2467 scripta
972 2383 1010 2447 ab
1031 2383 1161 2446 interitu
1181 2378 1336 2446 vindicandi

219 2493 321 2557 dudio
344 2494 454 2571 ductis,
480 2495 570 2559 modo
592 2498 677 2558 antea
695 2495 885 2578 conjecerat?
923 2498 994 2560 Nam
1013 2495 1061 2560 vel
1077 2493 1165 2559 falsas
1182 2515 1247 2558 esse
1264 2498 1337 2576 equa

220 2608 325 2672 inanes
341 2611 395 2672 baa
405 2608 603 2692 conjectures,
620 2607 668 2672 vel
679 2608 812 2693 ineptam
828 2609 962 2673 illamde
974 2610 1065 2694 Gapp.
1080 2609 1338 2692 xt-axvligno·

222 2722 335 2785 rantiae
358 2721 590 2806 professionem,
616 2744 704 2788 nemo
727 2745 788 2788 non
811 2725 904 2789 videt.
953 2725 1035 2789 Adeo
1056 2745 1163 2788 verum
1182 2730 1250 2799 est,
1273 2719 1339 2806 qued

224 2857 309 2920 saepe
339 2858 387 2901 me
416 2842 588 2900 monentem
615 2839 744 2903 audiunt
772 2837 1015 2921 commilitones,
1048 2837 1106 2903 sibi
1134 2843 1271 2902 constare
1290 2854 1339 2898 non

223 2971 321 3034 posse,
346 2957 435 3034 atque
451 2973 506 3014 sao
524 2952 617 3036 ipsam
636 2954 751 3018 caedere
768 2955 872 3020 virecta
892 2958 1137 3032 recentissimam,
1159 2976 1237 3039 quae
1254 2951 1342 3019 multis

221 3064 320 3150 placet
341 3065 525 3149 aequalibus,
556 3065 699 3132 Creticam
720 3070 843 3134 adriam.

267 3409 328 3470 Hoc
355 3409 418 3492 jam
446 3409 535 3474 nobie
565 3412 713 3498 agendum
736 3414 845 3489 restat,
876 3412 913 3472 ut
942 3407 979 3472 de
1008 3427 1070 3472 uuo
1099 3409 1182 3471 certe
1204 3404 1347 3488 alteroque

222 3522 318 3605 ipsius
351 3526 552 3589 commentarii
581 3525 647 3590 loco
675 3525 803 3611 paucula
833 3544 1017 3589 moneamus.
1045 3558 1087 3572 -·
1111 3521 1236 3602 Captae
1264 3519 1349 3606 igitur

218 3636 401 3713 primisset.
430 3641 470 3702 ld
500 3640 580 3704 cives
606 3636 782 3705 adhortatur
811 3639 979 3725 Propheta:
1016 3655 1093 3704 rora
1123 3653 1225 3713 atne,
1259 3638 1350 3700 oeae

222 3772 272 3813 voa
295 3758 325 3815 er
340 3761 480 3835 perpete.
520 3755 675 3830 Omnium,
700 3760 847 3838 quantum
870 3757 955 3836 nori,
979 3750 1153 3838 linguarum
1174 3770 1237 3814 usu
1258 3768 1350 3831 recep

222 3868 289 3928 tum
311 3871 374 3941 est,
407 3873 447 3931 ut'
471 3869 564 3932 animi
595 3891 771 3953 morumque
802 3868 1018 3933 emendationis
1040 3868 1138 3950 imago
1162 3865 1298 3949 corporis
1316 3860 1352 3923 sit

223 3980 348 4043 loretto.
397 3981 463 4054 Qua
485 3984 516 4046 in
540 4005 572 4046 re
595 3983 672 4048 nihil
694 4006 874 4070 magnopere
898 3983 1033 4048 Hebraeis
1054 3979 1208 4066 peculiare
1229 3983 1276 4043 est
1296 3975 1352 4060 pri·

221 4113 365 4175 rumque.
415 4098 514 4180 Neque
542 4098 638 4183 igitur
668 4105 730 4164 erat
753 4100 854 4183 quod,
887 4120 948 4182 quo
976 4095 1084 4161 melius
1114 4094 1172 4158 hoo
1195 4092 1351 4178 explicaret

220 4206 367 4291 Interpres
389 4211 581 4293 mandatum,
607 4215 720 4279 Matris
742 4238 761 4277 o
785 4217 847 4297 repe
869 4222 1018 4277 erterrrcrrr
1040 4210 1247 4288 imparitatem
1268 4203 1350 4268 tevi-

218 4321 308 4383 tr'com
331 4323 422 4386 simul
444 4325 535 4388 etiam
553 4350 609 4404 pro
629 4336 746 4406 peccato
780 4326 911 4391 habitam
935 4347 997 4390 csse
1019 4347 1054 4388 oc
1075 4323 1169 4401 colpd
1194 4316 1349 4384 contende·

220 4438 278 4497 ret.
328 4436 383 4499 Cui
406 4437 470 4520 ejus
493 4440 629 4523 opinioni
654 4441 686 4504 in
709 4441 746 4503 iis
768 4445 859 4517 certe,
884 4460 960 4523 quos
980 4439 1075 4515 affert,
1097 4433 1212 4499 Veteris
1234 4437 1265 4496 et
1280 4427 1346 4494 Nori
