2782 4958
134 277 153 336 2
629 291 771 335 urrsronr

131 457 328 559 compellare
358 457 520 546 solebam;
550 483 616 557 quo
642 471 807 558 tempore,
837 459 869 530 in
895 458 1055 533 deaestico
1082 460 1136 534 illo
1168 465 1290 536 aodi-

132 583 228 669 torio,
255 609 335 683 quo,
359 608 517 683 porsena
539 581 621 656 haec
639 582 743 656 lustra
763 582 978 677 continentia,
1002 584 1280 684 disquisitionurn

131 704 387 804 theologicarum
403 705 532 779 officina
548 731 587 778 ac
607 704 735 779 theatro
752 732 833 779 usus
845 732 918 779 sum
936 719 1035 806 atque
1047 707 1156 782 adbuc
1175 723 1269 798 utor,

110 854 198 928 ,quo
220 843 383 929 tempore,
409 830 561 929 inquam,
581 828 626 901 ihi
648 855 775 903 mecum
803 831 947 903 omnium
973 831 1184 928 gravissimae
1203 832 1271 905 dis-

130 950 269 1051 ciplinae
292 978 424 1053 operam
442 952 523 1026 dare
540 952 793 1027 consueveratis.
832 955 901 1027 Nec
923 980 996 1027 raro
1023 969 1091 1028 tum
1110 955 1181 1029 fieri
1199 981 1268 1029 me·

129 1074 217 1165 mini,
236 1075 263 1148 si
280 1075 422 1175 quando,
436 1076 534 1150 animi
551 1076 739 1176 corporisve
752 1076 955 1175 aegritudine
969 1076 1155 1177 depressus,
1174 1079 1265 1152 haud

129 1197 199 1273 sine
223 1198 437 1297 trepidatione
455 1180 487 1272 in
509 1199 698 1273 cathedram
721 1198 969 1290 adscenderam,
989 1214 1026 1275 ut
1047 1200 1265 1301 colloquendo

128 1320 309 1409 Vobiscum
334 1348 372 1396 ac
400 1322 612 1423 disquirendo
641 1323 808 1423 paullatim
835 1321 988 1397 reficerer
1011 1349 1050 1396 ac
1078 1349 1266 1413 recrearer,

130 1445 347 1545 dolorumque
371 1472 470 1519 sensu
493 1447 545 1520 vel
569 1446 726 1520 suffocato
746 1445 799 1518 vel
818 1459 907 1520 certe
929 1447 1109 1546 paullisper
1126 1447 1265 1536 obruto,

128 1569 262 1643 laetiore
286 1595 401 1669 quam,
427 1596 494 1670 quo
523 1596 692 1657 veneram,
719 1570 827 1643 animo
845 1595 885 1642 ex
907 1568 1064 1644 cathedra
1088 1582 1267 1669 vestroque

128 1717 170 1765 ex
189 1718 345 1766 consessu
369 1693 403 1765 in
428 1694 592 1792 privatum
614 1720 666 1767 me
684 1693 869 1793 reciperem
878 1719 1038 1767 museum.
1066 1696 1149 1767 Cunr
1172 1719 1266 1792 prae-

127 1817 239 1889 sertim
257 1817 432 1889 familiares
451 1816 542 1904 illae,
556 1842 639 1916 quas
656 1816 835 1890 Vobiscum
849 1816 1051 1906 habueram,
1075 1816 1265 1890 collocutio-

126 1965 202 2028 nes,
225 1951 325 2039 atque
348 1953 464 2030 acuta,
484 1966 570 2040 quae
589 1940 729 2015 subinde
750 1940 963 2038 interroganti
986 1939 1065 2011 mihi
1083 1938 1262 2029 dederatis,

126 2088 275 2161 responso
300 2063 340 2136 ad
364 2064 541 2162 pleniorem
567 2090 675 2137 rerum
694 2065 914 2163 locorumque·
936 2063 1178 2161 intelligentiam
1203 2064 1264 2162 ipsi

126 2187 205 2260 mibi
225 2186 387 2286 proluisse
407 2189 625 2288 perciperem,
647 2201 752 2289 atque
764 2186 846 2261 adeo
862 2185 1009 2260 docendo
1029 2211 1082 2259 me
1102 2185 1264 2260 didicisse.

126 2313 201 2399 Quo
226 2324 335 2386 vestro
352 2311 463 2385 studio
488 2338 526 2386 ac
551 2311 684 2386 solertia
703 2338 769 2384 non
787 2309 1013 2384 tantummodo
1034 2312 1200 2383 Oratorem
1214 2335 1267 2384 me

124 2437 194 2509 Vos
213 2435 373 2508 cacitdstis
393 2435 560 2509 Auditor-es
570 2463 581 2521 ;
604 2434 856 2522 verumetiam,
881 2432 971 2532 quod
993 2433 1144 2532 privatim
1165 2459 1267 2533 saepe

125 2557 230 2632 Vobis
249 2556 330 2646 dixi,
342 2560 409 2654 jam
428 2556 576 2656 publice,
596 2581 704 2656 neque
724 2556 757 2628 id
777 2558 918 2653 oratorie
931 2557 989 2630 sed
1015 2556 1172 2650 candide,
1189 2583 1266 2657 pro·

128 2680 237 2770 fiteor,
268 2679 309 2754 ad
342 2680 479 2754 Scholas
511 2679 680 2754 habendas
707 2705 746 2753 ac
774 2679 971 2757 difficiliores
996 2679 1208 2753 excutiendas
1233 2695 1267 2755 et

127 2802 302 2879 solvendas
321 2804 529 2904 quaestiones
546 2802 645 2878 utiles
662 2816 838 2904 gratosque
852 2805 919 2878 Vos
942 2803 1021 2876 mihi
1040 2802 1147 2878 socios
1170 2829 1268 2902 prae-

129 2926 248 3037 buistis
273 2939 375 3027 atque
399 2927 566 3025 odjamea

180 3177 252 3249 Nec
273 3182 352 3251 vero
373 3179 526 3251 Vestrum
546 3177 751 3280 singulorum
772 3178 902 3251 nomina
920 3177 999 3250 mihi
1020 3186 1264 3276 repraesentare

28 3369 33 3378 .
135 3325 285 3398 possum,
308 3298 398 3399 quod
416 3325 515 3400 saepe
535 3325 575 3374 ac
595 3301 748 3375 lubenter
770 3301 871 3390 facio,
892 3299 972 3400 quin
994 3300 1094 3397 hujus
1118 3296 1272 3371 recorda-

137 3423 234 3496 tionis
253 3425 447 3511 suavitatem
470 3436 631 3522 temperet
647 3423 889 3524 quodammodo
910 3448 949 3496 ac
968 3422 1144 3498 conturbet
1154 3442 1269 3495 eorum

138 3546 294 3621 memoria
326 3545 593 3635 commilitonem,
619 3571 704 3645 quos
728 3547 808 3621 mihi
834 3546 966 3647 quidem
993 3546 1050 3620 diu
1078 3542 1273 3644 superstites

139 3668 210 3743 fore
233 3695 466 3768 speraveram,
487 3668 547 3743 sed
570 3694 712 3768 quorum
730 3684 982 3770 praematurus,
1009 3682 1048 3742 ut
1061 3667 1163 3740 nobis
1186 3666 1275 3741 vide·

139 3793 258 3878 batur,
278 3792 389 3865 abitus
409 3807 441 3867 et
458 3793 561 3868 Vobis
577 3792 724 3893 mihique
736 3794 908 3867 luctuosus
925 3791 1043 3867 accidit
1062 3805 1096 3866 et
1114 3789 1175 3890 ipsi
1191 3788 1275 3862 adeo

139 3915 398 3989 Christianorum
417 3916 581 3992 Societati.
629 3919 778 4003 Quorum
796 3942 894 4017 quam
914 3941 1072 4017 magnus,
1092 3912 1195 3988 eheu!
1211 3937 1277 3984 nu-

142 4064 254 4113 merus
275 4041 343 4113 est!
380 4040 444 4125 Qui
463 4040 525 4114 luit
544 4040 577 4112 in
602 4066 715 4114 eorum
738 4039 827 4114 haud
852 4039 966 4138 paucis
989 4037 1042 4110 vel
1066 4034 1278 4135 corporisvi-

141 4172 201 4262 g'or
219 4161 387 4263 roburque
411 4161 520 4253 virile,
544 4164 595 4237 vel
613 4165 710 4237 animi
730 4163 917 4262 ingeniique
939 4160 1154 4261 praestantia!
1181 4159 1277 4245 Quae

141 4285 389 4359 lectissimarum
413 4310 623 4386 ¹quarumque
648 4288 762 4361 dotum
786 4287 943 4359 varietasl
983 4283 1115 4371 Quibus
1143 4278 1277 4382 quidem

144 4420 272 4484 mature
295 4434 484 4484 concessam
505 4436 525 4484 a
550 4413 620 4485 Deo
645 4412 684 4484 Ο.
700 4411 744 4486 Μ.
768 4407 973 4484 terrestrium
992 4431 1170 4506 pensorum
1187 4403 1278 4478 labo-
