2782 4958
124 333 166 396 88
613 348 763 391 uanuarro

129 518 208 591 tales
240 529 272 590 et
306 516 507 614 erigerentur
538 528 571 587 et
605 513 645 587 ad
679 512 917 586 decurrendum
949 512 1076 587 lortrter
1111 532 1248 594 terrestre

128 642 191 714 hoc
216 639 355 713 stadium
377 639 596 711 animarentur
616 636 694 708 nihil
711 661 798 723 esse,
819 636 907 734 quod
933 650 1053 709 tantam
1082 641 1145 712 vim
1162 641 1246 716 habe·

130 779 180 838 ret
208 790 247 837 ac
271 777 334 836 tam
359 762 533 835 salutarem
560 760 783 846 efficientiam,
808 786 905 859 quam
930 763 1121 858 expiationis
1146 766 1244 838 Euan·

128 890 244 988 polium
269 914 305 961 oc
326 887 540 959 consolationis
571 886 582 982 (
609 887 633 984 ).

176 1012 264 1099 Quid
289 1013 413 1085 multa?
459 1011 492 1083 Si
523 1026 669 1096 nostras,
698 1034 837 1108 quarum
861 1009 1019 1081 tenuitate
1047 1008 1170 1082 infinito
1188 1013 1239 1108 jau

130 1136 235 1233 spatio
259 1136 407 1234 superior
430 1148 499 1218 est,
524 1133 637 1206 audire
661 1148 770 1230 posset
789 1133 846 1204 Vir
867 1131 983 1204 beatus
1005 1131 1238 1230 disputationes,

131 1260 244 1358 procul
271 1258 371 1331 dubio
407 1256 565 1355 ejusmodi
592 1270 761 1356 respueret
787 1254 913 1343 laudes,
943 1280 1029 1352 quae
1058 1257 1175 1354 ipsum,
1196 1258 1237 1330 lloi
1278 1310 1280 1353 ÷

131 1383 228 1455 unius
259 1382 444 1480 Christique
469 1381 646 1468 cultorem,
672 1380 787 1452 harum
815 1379 984 1452 illorumve
1013 1379 1177 1452 Ecclesiae
1194 1381 1235 1451 liti·
1276 1392 1280 1475 l

130 1505 236 1602 gantis
260 1504 399 1603 partium
435 1505 591 1577 asseclam
618 1503 725 1576 lacere
754 1501 923 1575 studerent
949 1528 988 1574 ac
1018 1502 1233 1603 pedissequum.

130 1628 166 1701 ld
187 1655 304 1717 unum,
329 1628 486 1714 vinkii,
509 1628 660 1722 Collegae
684 1625 760 1698 mihi
785 1625 1054 1722 conjunctissimi,
1078 1626 1233 1698 testimonio

129 1749 343 1836 consentiens,
373 1749 489 1821 iterum
521 1748 681 1820 affirmare
710 1773 773 1820 non
802 1772 936 1836 vereor,
957 1747 1104 1822 modesti
1126 1764 1156 1822 et
1175 1749 1234 1821 laetl
1277 1782 1280 1851 q

134 1887 166 1946 et
189 1871 282 1945 firme
299 1870 364 1944 fide
384 1870 504 1944 Christi
523 1869 741 1966 Euangelium
767 1869 952 1967 amplexum
971 1896 1043 1944 esso
1060 1869 1234 1970 Royaard·
1277 1854 1280 1949 l

131 1997 251 2084 sium,
279 1994 437 2092 ejusmodi
460 1997 516 2080 cd,
539 1993 677 2090 quaein
701 1992 825 2064 Divinis
845 1992 886 2065 de
908 1999 960 2067 vid
985 1995 1100 2068 salutis
1122 1993 1234 2066 consiliis
1278 1986 1280 1997 '

132 2145 170 2192 ac
204 2118 394 2192 testimoniis
435 2116 570 2214 simplici
608 2116 828 2214 acquiesceret
865 2142 924 2189 nec
967 2118 1075 2190 minus
1117 2115 1235 2190 rationali

132 2267 292 2315 consensu
321 2241 382 2339 (2).

181 2608 290 2680 Talem
317 2608 431 2704 igitur,
459 2608 588 2706 qualem
615 2608 699 2700 dixi,
719 2611 874 2685 diuturno
900 2610 1078 2684 multorum
1105 2630 1239 2682 annorum

134 2758 196 2804 usu
224 2757 420 2828 cognoscere
449 2733 524 2803 mihi
551 2734 686 2831 contigit
713 2761 751 2807 ao
776 2735 942 2832 suspicere
975 2759 1069 2821 eum,
1093 2733 1148 2831 qui
1176 2735 1241 2830 jan,

134 2853 320 2928 dolentibus
346 2855 454 2944 nobis,
479 2854 555 2927 hinc
585 2857 680 2944 abiit,
706 2857 879 2954 Collegam.
934 2860 1037 2954 Cujus
1064 2884 1104 2928 ex
1129 2878 1243 2929 conver·

134 2979 258 3051 satione
272 2993 370 3077 atque
388 2979 527 3050 amicitia
548 3005 700 3076 magnum
721 3005 771 3052 me
789 2980 901 3086 tulisse
918 2980 1016 3051 animi
1033 2979 1244 3075 doctrinaeque

135 3102 401 3188 emolumentum,
425 3127 502 3198 erga
525 3103 630 3173 Deum
655 3103 801 3200 ingratus
820 3103 899 3191 sim,
923 3103 1071 3199 ingratus
1094 3103 1124 3175 in
1149 3102 1243 3201 ipsun,

135 3225 195 3296 nisi
219 3225 352 3297 memori
375 3240 483 3296 mente
508 3250 690 3322 agnoscam.
734 3225 863 3298 Utinam
890 3225 1012 3298 diutius
1034 3225 1131 3297 etiam
1152 3222 1244 3296 Amico

136 3375 175 3422 eo
196 3349 240 3420 uri
267 3347 343 3419 mihi
361 3348 504 3420 licuisset
525 3363 623 3447 atque
641 3348 825 3447 aliquando,
842 3374 892 3421 me
910 3362 984 3420 ante
1002 3373 1077 3420 eum
1101 3347 1243 3426 defuncto,

138 3471 296 3543 amicitiae
315 3484 444 3543 nostrae
463 3486 545 3543 teste
567 3471 751 3543 verissimo!
780 3473 927 3560 Utinam,
946 3471 1035 3569 quod
1057 3472 1188 3567 gravius
1203 3479 1244 3549 est,

136 3595 193 3680 iis,
224 3594 346 3692 quibus
377 3593 585 3690 Theologiam
617 3593 824 3692 amplificavit
857 3594 1066 3681 historicam,
1102 3592 1245 3669 doctrinae

138 3717 356 3790 monumentis
374 3717 523 3814 egregiis,
546 3717 612 3788 vital
636 3723 817 3816 prorogata,
836 3717 899 3789 alia
915 3734 1013 3815 atquc
1030 3718 1094 3790 alia
1112 3717 1245 3816 potuisset

138 3839 293 3936 adjicere!
330 3840 458 3912 Utinam
491 3838 636 3926 tandem,
662 3839 915 3938 quodomnium
944 3853 992 3911 est
1022 3839 1242 3936 gravissimum,

144 4045 288 4056 ...-.--.--

177 4186 222 4258 (l)
244 4184 312 4239 Cum
333 4184 414 4240 dictis
434 4187 546 4243 omnino
566 4187 684 4242 conferri
703 4187 784 4242 velim
805 4204 876 4259 quae
896 4187 1036 4243 verissime
1057 4189 1164 4244 monuit
1183 4186 1245 4242 00⁵·

137 4287 300 4353 terreus,
322 4303 351 4356 p.
375 4291 426 4340 180
446 4304 526 4358 seqq.

175 4385 222 4454 (2)
244 4383 369 4438 Vinkii
390 4402 450 4438 cum
470 4386 580 4441 laudata
596 4386 731 4454 oratione,
748 4372 880 4460 Collegae
895 4388 981 4459 juxta
995 4389 1149 4461 sepulcrum
1162 4383 1243 4440 hatita

138 4480 256 4536 conferri
270 4489 397 4552 possunt,
410 4499 480 4553 quae
495 4501 545 4538 nos
555 4486 697 4554 parentalis
711 4486 744 4539 de
759 4485 796 4541 H.
809 4486 838 4541 J.
851 4486 888 4540 R.
909 4504 947 4540 or.
970 4485 1090 4542 diximus
1104 4507 1132 4560 p.
1146 4481 1243 4541 86-38·
