2782 4958
582 354 750 398 censorin.
1188 338 1229 397 63

96 518 273 604 largiamur
295 521 386 585 etiam
410 520 475 584 lieri
494 523 640 605 potuisse,
666 520 745 605 quod
762 521 874 607 factum
891 542 955 585 esse
980 521 1137 586 contendit
1162 521 1231 586 Lu-

96 654 328 712 nemannus‚
360 639 395 698 ut
426 657 463 699 ex
493 634 706 712 librariorum,
740 635 877 720 subjecto
908 637 1111 721 praedicatum
1135 638 1234 723 magis
1273 685 1275 690 -

95 749 281 812 conformare
303 747 481 828 volentium,
506 751 693 814 correctione
707 751 867 816 exsisteret
882 750 1016 836 vulgata.
1042 750 1101 814 Sed
1116 751 1149 817 in
1165 771 1234 815 con·

92 863 214 928 traciam
236 868 354 948 partem
375 865 499 928 omnino
521 863 609 928 nobis
632 865 814 930 attendendi
827 872 899 929 eunt
926 864 1234 931 coenantium

94 997 183 1042 manu
211 982 244 1041 et
266 977 308 1056 u,
333 979 388 1062 qui
417 979 639 1044 nominativum
659 977 803 1064 praebent
824 983 940 1059 τύπος,
962 1000 1053 1064 quem
1075 1000 1129 1064 per
1151 999 1234 1043 erro·
1277 1067 1280 1072 ι

94 1112 155 1156 rem
180 1112 221 1155 ex
242 1090 368 1177 vulgato
391 1098 491 1158 ortum
515 1114 579 1158 esse
602 1097 769 1184 accusativo
791 1101 934 1173 τύπους,
960 1115 999 1158 na
1025 1094 1089 1178 ipse
1109 1094 1233 1178 ‘quidem

94 1210 197 1270 noster
219 1211 312 1291 negat
335 1206 482 1271 Oriticus.
530 1207 591 1273 Pro
606 1229 667 1292 quo
684 1210 788 1295 ¹igitur
809 1208 841 1272 bi
858 1210 915 1294 ipsi
939 1208 1158 1294 quodammodo
1174 1214 1234 1273 tes·
1259 1200 1260 1204 ¹

94 1319 255 1384 bmouiun
278 1319 384 1384 edunt
422 1322 559 1402 ¹Verum,
584 1323 665 1406 quod
688 1324 811 1408 gravius
833 1329 892 1404 est,
925 1344 1027 1387 noune
1049 1322 1107 1387 boo
1130 1342 1234 1387 eorum

94 1433 264 1518 exemplum
292 1434 476 1519 probabilem
503 1441 637 1502 nostram
660 1438 761 1503 reddit
784 1422 1009 1521 conjecturam,
1038 1438 1113 1503 alios
1143 1438 1234 1503 etiam
1264 1491 1265 1497 ,

95 1547 188 1612 fuisse
202 1546 353 1624 librarios,
368 1550 431 1634 qui,
454 1570 523 1614 cum
545 1550 619 1616 item
631 1556 741 1628 τύπος,
756 1572 792 1615 en
809 1559 931 1629 τόπους
946 1551 1152 1636 deprevatum,
1171 1550 1236 1615 suis

96 1661 125 1725 in
148 1659 240 1726 libris
262 1661 408 1747 scriptum
432 1663 582 1739 viderent,
608 1666 828 1728 nominativum
851 1670 952 1726 autem
980 1662 1097 1727 nullum
1118 1662 1170 1728 hio
1190 1661 1235 1727 lo·

96 1795 162 1841 eum
184 1776 324 1840 invenire
339 1776 427 1841 faoile
449 1778 663 1863 perspicerent,
676 1778 927 1863 simplicissimam
952 1777 1038 1854 hanc,
1054 1798 1144 1862 quam
1168 1796 1234 1840 esse

96 1887 253 1974 putabant,
276 1891 386 1955 mendo
408 1892 553 1956 medelam
577 1893 781 1972 afferrent,‘ut
801 1911 857 1976 pro
878 1891 1065 1955 nominativo
1080 1890 1235 1975 amputari
1295 1887 1299 1895 ’

96 2006 300 2070 accusativum
319 2011 467 2090 ponerent
487 2005 696 2093 stupratorem?
717 2041 763 2056 ·—
782 2005 851 2071 Alia
867 2027 961 2089 eaque
982 2007 1105 2070 omuino
1124 2026 1233 2070 oonsu-

98 2118 183 2184 leuda
205 2118 246 2192 ui
266 2119 419 2206 vulgatam
442 2122 657 2187 defendendam
680 2125 711 2185 et
733 2120 928 2184 Sohottus
950 2119 1054 2184 attulit
1076 2125 1107 2184 et
1130 2141 1233 2184 receu-

98 2233 232 2298 tissimus
254 2233 397 2316 cpistolae
420 2234 575 2320 Interpres
597 2233 780 2300 Kochius
801 2236 860 2319 (1).

140 2572 158 2632 l
187 2568 290 2635 Tuas.
310 2569 376 2635 III.
404 2573 434 2634 2.
480 2569 544 2635 Hic
570 2570 655 2634 locus
681 2574 741 2646 est,
776 2569 813 2634 de
841 2589 901 2652 quo
924 2566 1060 2633 dubitem
1087 2588 1159 2632 num
1184 2569 1232 2633 vel

93 2682 168 2745 satis
190 2682 270 2747 clare
295 2681 343 2747 vel
363 2683 436 2747 satis
458 2683 592 2768 cogitate
614 2683 728 2749 dixerit
749 2683 1046 2756 Liincmannus3
1079 2683 1166 2765 cujus
1188 2683 1231 2747 ite

94 2795 217 2860 demum
239 2796 326 2881 plene
348 2795 501 2884 intelliges
523 2799 661 2862 criticam
684 2799 982 2875 animadversionem,
1000 2797 1025 2860 si
1049 2797 1231 2862 variantium

92 2911 282 2988 notationes,
304 2909 342 3000 ab
365 2911 433 2975 aliis
454 2912 597 2997 proditas,
613 2924 731 2997 recepto
747 2933 816 2976 cum
831 2918 918 2977 textu
934 2914 1107 2979 contuleris.
1132 2911 1231 2982 Quem

94 3030 213 3088 textum
236 3025 399 3110 optandum
423 3031 469 3090 est
491 3031 536 3106 ut,
550 3027 576 3090 si
599 3028 718 3111 quaudo
741 3028 853 3092 iterum
876 3027 945 3091 edet
968 3026 1228 3105 commentarium,

90 3145 125 3205 st
146 3138 198 3206 hic
220 3145 253 3204 et
275 3139 343 3205 aliis
365 3140 459 3221 locis,
482 3142 582 3227 paullo
605 3142 748 3206 disertius
770 3143 893 3206 indicet.
919 3142 1022 3228 Vulgo
1045 3143 1142 3228 igitur
1164 3146 1232 3226 post

91 3251 152 3317 ulia
174 3251 227 3319 hio
249 3252 382 3339 legitur:
415 3259 473 3325 miv
497 3256 640 3340 ἀδελφὸν
670 3263 762 3343 ἡμῶν
791 3263 847 3323 καὶ
874 3259 1029 3326 διάκονον
1061 3263 1118 3324 τοῦ
1149 3261 1230 3324 Θεοῦ

96 3371 151 3435 aad
175 3373 333 3453 συνεργὸν
355 3374 459 3455 ἡμῶν.
510 3369 600 3434 Haec·
615 3371 659 3435 ita
681 3374 789 3435 testata
812 3375 858 3434 est
880 3370 984 3451 lectio,
1007 3375 1045 3435 ,ut
1067 3391 1127 3433 nou
1143 3368 1230 3432 facile

96 3481 209 3546 certius
231 3481 294 3547 alia>
311 3503 490 3567 quaequam.
536 3483 647 3568 Neque
670 3484 819 3568 estquod
841 3506 899 3548 nos
919 3485 1053 3549 offendat
1068 3488 1232 3548 memorata

99 3595 265 3677 Timothei,
292 3597 409 3682 dequo
430 3599 550 3684 agitur,
577 3600 708 3685 primum
740 3621 807 3664 cum
833 3599 996 3685 Apostolo,
1029 3597 1138 3663 deinde
1161 3618 1230 3662 oum
1351 3613 1362 3686 ἰ

97 3710 176 3790 Duo,
206 3712 327 3777 modern
350 3713 449 3779 denuo
477 3735 545 3779 curu
576 3715 725 3800 Apostolo
756 3714 947 3779 necessitudo
977 3735 1012 3778 ao
1042 3712 1229 3798 conjunctio.

97 3823 218 3890 Etenim
240 3832 272 3892 et
293 3827 357 3892 stili
385 3829 553 3914 epistolaris
584 3829 769 3894 familiaritas
798 3827 886 3893 nobis
908 3828 1091 3893 attendenda
1113 3833 1176 3906 est,
1199 3833 1232 3893 et

97 3935 193 4005 Paulli
215 3939 290 4006 haec
310 3940 471 4008 scribentis
493 3945 619 4010 affectus
641 3944 820 4028 animusque
842 3944 996 4009 Timothei
1021 3966 1121 4009 amore
1146 3966 1228 4009 coru·

108 4182 245 4196 Π--

133 4339 168 4406 (1)
186 4341 222 4393 V.
242 4343 371 4408 August
388 4342 493 4406 Koch,
510 4342 655 4395 commentar
671 4345 728 4396 tibur·
749 4343 793 4395 den
815 4351 892 4394 ersten
915 4342 996 4408 Bm'ef
1006 4343 1048 4393 des
1066 4343 1117 4410 Ap.
1137 4343 1232 4396 Paulus

106 4446 133 4481 un
149 4432 187 4486 die
209 4434 420 4500 ssessaloniobcr5
437 4438 524 4489 Berol.
544 4443 618 4489 relu-
885 4428 888 4438 ¹
