2782 4958
225 330 286 391 192
621 347 662 390 ua
686 346 784 390 uorsa
807 344 969 388 oarusorrs

219 517 359 602 gravius,
390 514 485 579 multo
512 515 637 589 utilius,
664 517 721 578 nisi
749 517 849 578 omnia
871 513 994 598 pulcra,
1025 515 1226 600 splendentia,
1252 541 1334 600 nova,

218 638 303 695 acuto
331 631 480 713 disjuncta
505 631 600 693 lacere
623 629 746 693 vellent.
795 631 896 712 Neque
918 630 997 692 enim
1025 628 1107 693 solus
1133 631 1194 695 fuit
1225 634 1338 700 Drace-

217 747 327 817 kius,
353 745 389 808 de
413 766 473 827 quo
493 745 644 808 verissime
665 747 845 807 testarentur
869 742 1060 816 Aristarchi,
1085 764 1242 828 nunquam
1266 749 1336 814 rehe-

218 858 349 921 mentius
371 878 439 920 eum
464 877 497 919 ac
516 854 676 920 salutarius
700 855 870 918 auditorum
891 856 1085 918 commovisse
1108 858 1226 922 animos
1247 881 1278 924 ac
1298 885 1339 946 pe·

217 969 346 1053 pulissc,
373 992 462 1053 quam
484 969 538 1034 ubi
562 970 707 1033 disertum
733 991 801 1033 enm
819 970 950 1048 pectoris
973 970 1138 1036 instinctus
1160 973 1279 1050 faceret,
1294 996 1338 1039 uec

217 1085 313 1169 igitur
334 1085 411 1148 artie
431 1083 595 1148 rhetoricae
619 1084 757 1147 fucorum
776 1085 945 1147 meminisse
970 1083 1131 1149 videretur.

261 1201 341 1274 Quae
362 1219 456 1280 quum
483 1198 625 1272 insint,
649 1197 887 1279 eloquentissimi
911 1196 1002 1281 hujus
1027 1200 1235 1265 Bremensium
1255 1204 1339 1266 Antu-

215 1312 280 1376 titis
304 1313 453 1376 orationes
477 1333 537 1374 non
560 1313 626 1374 sine
649 1311 824 1394 exceptione
848 1309 1005 1373 imitandas
1034 1315 1245 1380 commendare
1269 1315 1337 1381 licat.

217 1427 275 1491 Sed
306 1425 454 1510 praeclare
480 1432 580 1490 tamen
611 1432 641 1488 et
671 1426 708 1488 de
736 1424 912 1489 llomilcticd
939 1430 970 1489 et
995 1427 1033 1490 de
1056 1428 1124 1512 ipso
1150 1429 1227 1494 adeo
1252 1433 1339 1518 Regno

217 1541 371 1605 coelorum
390 1541 533 1604 memisse
555 1540 720 1604 censendus
736 1545 791 1602 est.
834 1538 907 1613 Quis
930 1540 1024 1615 enim,
1049 1541 1076 1603 si
1098 1541 1137 1607 ab
1156 1564 1222 1607 unc
1244 1545 1340 1609 disces·

216 1657 288 1719 seris
316 1655 509 1730 Hermaia,
542 1654 706 1718 efficaciore
732 1652 811 1736 apud
841 1653 922 1717 cives
953 1654 1052 1717 effecit
1082 1656 1243 1741 exemplo,
1270 1681 1340 1723 sacra

217 1775 253 1834 ut
278 1770 404 1845 concio,
434 1790 509 1853 quae
533 1769 565 1832 in
589 1768 699 1832 aridam
724 1768 903 1852 degenerare
926 1769 1077 1852 inceperat
1102 1770 1338 1854 disputationem,

216 1883 403 1970 postliminio
429 1885 551 1947 nomine
582 1884 690 1969 dignae
711 1883 781 1967 jaira
811 1887 958 1967 repeteret
983 1870 1155 1948 orationis?
1202 1889 1244 1952 llc
1269 1892 1340 1973 crpus

215 1999 316 2083 potius
341 1998 530 2081 eloquentiae
552 1997 584 2061 id
614 2004 768 2082 acceptum
796 1994 926 2059 retulere
951 1996 1106 2072 Germani,
1134 2005 1170 2064 ut
1196 2009 1340 2066 caveretur

215 2133 253 2174 ne
280 2112 458 2177 Christiana
480 2111 674 2175 exoratione
699 2111 813 2176 Christi
835 2113 900 2176 laus
922 2113 1076 2197 honosque
1098 2117 1259 2201 paullatim
1284 2141 1340 2184 eva·

217 2231 349 2289 neseeret
371 2247 405 2289 ae
431 2225 579 2288 deleretur
603 2224 671 2306 (lla

213 2418 368 2430 --—·—-

248 2570 291 2632 (l)
309 2570 367 2619 Non
386 2571 480 2634 optime
498 2570 545 2619 sibl
563 2576 679 2628 constat,
698 2583 730 2617 ne
748 2569 808 2634 quid
826 2569 928 2630 gravius
946 2570 1043 2626 dicam,
1063 2567 1138 2619 Chr.
1157 2569 1336 2630 Palmaraa,

214 2664 257 2714 abi
274 2664 363 2713 codem
375 2663 432 2711 loco
449 2663 485 2711 ita
497 2663 564 2712 hunc
582 2669 607 2710 et
619 2662 745 2722 vituperat
760 2667 784 2709 et
796 2660 882 2710 laudat
894 2659 1045 2712 Oratorem:
1065 2662 1234 2728 aduncatores
1251 2662 1339 2724 dicm,’'

214 2755 314 2818 inquit,
336 2754 520 2810 aDrtsekii,
538 2768 582 2800 non
601 2767 668 2800 secus
684 2740 753 2815 priam
774 2751 926 2802 Lavatcri
944 2768 974 2801 ac
991 2753 1205 2816 Reinhardii,
1228 2757 1338 2805 nnana

215 2845 346 2910 aquamcdi
360 2845 417 2909 qaid
433 2845 532 2905 tabent,
551 2843 612 2907 qnod
621 2845 758 2908 junioribus
775 2844 839 2893 notia
857 2859 969 2893 nauscam
979 2845 1062 2909 jacint
1076 2863 1105 2896 nc
1115 2849 1224 2912 jejunum
1241 2848 1339 2899 adana

215 2947 253 2988 ret
277 2937 468 2989 rationationem
485 2946 507 2986 ct
523 2937 673 3001 philistaeum
694 2935 881 3002 (plaltstertnjtl.
917 2936 1056 3000 chorrflce
1075 2947 1152 2989 tamen
1171 2940 1210 2989 uis
1230 2940 1259 2989 de
1282 2939 1339 2991 Vin's

213 3033 355 3082 »sentiemus
373 3038 476 3095 oportet,
496 3030 582 3094 quippe
607 3031 659 3093 qni,
679 3030 785 3092 infausto
802 3036 917 3092 tempore,
929 3027 993 3090 fidat
1010 3032 1156 3092 patrocinata*
1175 3033 1225 3082 sint
1245 3047 1339 3097 arnapa·

213 3123 313 3176 ulicac.''
348 3124 390 3174 Sic
408 3125 466 3181 ille,
485 3125 511 3172 in
530 3137 570 3187 cp.
588 3139 671 3186 soanp.
692 3120 802 3171 Homilai.
824 3137 848 3185 p.
868 3126 909 3170 53.
945 3120 1004 3182 Quo
1031 3123 1085 3186 ipsc
1111 3130 1199 3173 tamen
1227 3125 1253 3173 in
1280 3123 1339 3173 libro

212 3220 325 3282 singulas
343 3233 393 3268 non
413 3232 504 3281 pancas
522 3216 678 3265 Dr'asckii
695 3216 823 3263 orationes
840 3230 856 3263 a
872 3215 949 3262 variis
966 3215 1094 3277 praedicat
1111 3217 1282 3279 praestantiae
1299 3215 1339 3263 dc·

211 3312 287 3361 tibus.
316 3310 395 3376 Spero
413 3311 467 3359 fore
486 3317 529 3367 ut,
543 3308 585 3358 ubi
600 3306 764 3363 Homildioen,
778 3308 857 3357 multa
877 3309 957 3356 bonae
975 3306 1055 3369 frugis
1073 3307 1250 3359 continentem
1264 3308 1337 3365 illam,

210 3413 318 3467 quartum
343 3402 478 3467 aliquando
504 3402 561 3451 edat
589 3401 774 3459 Potuimus,
792 3398 868 3461 hujus
894 3406 962 3449 certe
977 3397 1067 3462 judicii
1093 3399 1255 3463 iniquitatem
1273 3400 1339 3450 tollat

211 3502 286 3561 atque
304 3496 527 3560 importunitatem.

244 3682 296 3734 Sed
313 3683 381 3733 aliud
408 3681 469 3747 quid
488 3683 529 3732 hic
554 3681 627 3730 nobis
646 3683 800 3731 monendum
828 3686 875 3730 est.
910 3679 1000 3728 Multis
1015 3677 1071 3740 jam
1096 3686 1155 3730 ante
1173 3682 1250 3732 annia
1267 3681 1339 3730 hocca

210 3778 285 3827 titulo
313 3778 393 3825 editus
417 3791 470 3825 erar
494 3776 610 3825 libellus:
638 3775 781 3824 Draseke
808 3789 831 3822 ns
856 3769 1058 3820 Schnderolf
1072 3769 1110 3819 als
1128 3771 1272 3838 Prediqer5
1289 3772 1339 3822 oder

211 3866 296 3917 Krine
322 3866 365 3915 der
389 3865 577 3930 ‚Prcdr'ptweisen
598 3866 678 3914 deidei·
698 3864 804 3914 Mdnnar
824 3881 846 3913 u.
863 3879 885 3912 s.
908 3879 937 3913 w.
971 3862 1021 3913 Van
1042 3861 1139 3913 Wilh.
1169 3865 1342 3922 Schrtiter,

211 3962 321 4023 Pstnrrer
337 3975 367 4007 zn
383 3955 592 4022 Groazlrerr’npan5
611 3957 705 4008 Altenb·
727 3964 802 4017 1821,
824 3962 871 4006 169
889 3972 930 4020 ρρ.
959 3953 1039 4019 Cujus
1056 3957 1138 4005 libelli
1155 3971 1283 4008 summam
1300 3972 1338 4006 re·

210 4054 268 4101 tulit
279 4049 373 4100 Censor
386 4052 411 4100 in
431 4049 502 4098 Ero.
520 4049 771 4101 Zimmermanni
791 4048 980 4112 Monarssclrifl
988 4050 1041 4112 fiir
1053 4047 1339 4112 Pradiyerwiaasnaclas·

209 4153 263 4207 teu;
283 4143 344 4192 Vol.
364 4144 386 4192 Ι.
407 4158 430 4206 p.
451 4147 499 4191 elo
518 4157 571 4205 sqq.
606 4142 801 4192 Dr'asekium
820 4144 898 4206 igitur
916 4141 1003 4190 laudat
1021 4141 1212 4204 quodammodo
1231 4140 1336 4190 Scord-

212 4246 312 4291 terus3
331 4237 373 4284 scd
400 4236 434 4284 ita
457 4236 557 4294 laudat,
577 4242 604 4283 ot
628 4234 714 4283 multis
740 4237 762 4285 ci
780 4238 892 4300 partibus
914 4237 1038 4301 praeferat
1055 4232 1337 4292 Schuderolsinm,

211 4328 283 4392 cujus
302 4330 327 4378 in
346 4330 520 4389 orationibus,
542 4343 607 4392 quac
625 4330 650 4377 in
670 4329 694 4377 D
704 4343 715 4376 r
725 4330 760 4376 'as
771 4342 783 4377 e
794 4329 811 4376 k
821 4329 829 4376 i
840 4343 879 4377 ao
890 4328 916 4376 is
934 4328 1117 4385 desiderentur,
1132 4328 1199 4376 bona
1217 4328 1338 4377 cumulata

209 4423 370 4472 inveniantur
388 4436 417 4470 ac
432 4421 544 4470 virtutes.
582 4419 656 4481 Quod
675 4419 742 4468 illins
757 4417 899 4481 judicium,
919 4433 934 4466 a
952 4417 1065 4469 Consors
1079 4416 1140 4481 jure
1157 4419 1333 4483 improbatam,
