2782 4958
477 366 526 411 ns
549 364 653 410 ursus
675 366 876 411 reordinare.
1199 352 1241 411 99
1360 402 1363 409 .

106 529 241 611 Iudices,
269 553 376 602 eorum
398 533 481 618 prior
509 534 681 620 synopticus
706 533 883 620 appellatur,
916 533 993 601 alter
1014 537 1047 598 et
1068 533 1126 601 alia
1147 554 1237 619 quae·

106 649 170 715 dum
194 651 345 730 continet,
368 670 446 737 quae
464 653 527 737 jam
550 652 723 738 attigimus,
752 655 785 715 et
806 648 916 734 quibus
937 646 1010 713 libri
1031 649 1151 734 paginis
1173 650 1236 715 sin·

105 764 246 850 gulosum
273 766 475 852 scriptorum,
501 765 549 833 vel
574 782 727 833 sacrorum
750 764 798 831 vel
826 763 973 841 aliorum,
1005 762 1065 828 loci
1093 763 1235 848 dietaque

103 879 221 964 prodita
251 885 387 960 exstent,
424 885 563 946 accurate
592 879 719 945 indicat.
766 880 845 944 Sunt
874 883 973 945 eutem
1003 877 1047 941 itu
1068 877 1236 963 locupletes
1298 878 1308 889 ’

104 991 229 1059 Indices
249 993 306 1074 illi,
331 1001 378 1075 ut,
404 994 465 1060 nisi
486 993 584 1080 plura,
610 1000 692 1059 certe
713 1015 776 1059 non
797 992 950 1078 pauciora,
975 1012 1066 1076 quam
1085 991 1155 1076 jure
1182 1014 1236 1056 ex·

105 1111 304 1192 spectaveras,
336 1110 376 1174 iis
405 1114 569 1175 memorata
598 1110 741 1195 reperias.
789 1106 876 1179 Quae
905 1108 971 1192 ipsa
1000 1107 1090 1171 etiam
1112 1105 1178 1171 laus
1199 1106 1234 1171 in

105 1211 262 1308 plerosque
282 1223 443 1309 utriusque
464 1222 649 1309 Appendicis
671 1223 754 1288 locos
777 1223 928 1288 convenit.

143 1555 203 1620 Sed
226 1577 266 1621 ne
287 1578 344 1641 pro
367 1557 501 1623 breem
513 1558 597 1642 justo
619 1557 741 1644 longior
763 1555 870 1621 evadat
889 1560 991 1621 nostra
1014 1557 1088 1624 hoec
1110 1559 1230 1640 relatio,

105 1669 204 1753 paucis
230 1670 294 1754 jam
324 1670 534 1756 defungamnr.
583 1669 682 1749 Libri,
719 1691 809 1755 quem
836 1670 925 1736 edere
947 1672 1086 1758 parabat,
1119 1676 1235 1761 praeci·

58 1775 194 1868 'puum
217 1784 378 1849 consilium
401 1785 456 1862 itu,
480 1786 674 1870 praefationis
695 1785 798 1861 initio,
823 1786 1021 1873 descripserat
1047 1792 1233 1876 Angerus.

104 1896 280 1978 »Quoniam
298 1901 335 1964 id
350 1899 532 1985 aqebutur,''
544 1901 655 1984 inquit,
676 1910 729 1965 »ut
748 1922 825 1985 quae
842 1924 880 1967 ec
900 1882 1086 1988 temporibus
1100 1905 1233 1970 Irenaeo

106 2013 329 2098 »superioribus
354 2015 563 2079 invenirentur
573 2015 630 2078 *dia
654 2014 839 2098 Euanprliia
858 2016 1045 2104 (synopticis)
1067 2018 1231 2104 parallelo,

105 2127 226 2191 »eodem
264 2129 364 2192 omnia
398 2126 509 2194 obtutu
541 2132 800 2215 conspicerentur,
836 2132 897 2195 duo
930 2134 1064 2198 marimo
1094 2133 1232 2198 curanda

104 2251 226 2322 emant,
260 2252 294 2306 ut
318 2264 413 2330 quam
438 2242 610 2328 plenissima
639 2255 713 2309 esset
741 2241 899 2328 collectio,
932 2267 1026 2331 quum
1058 2245 1231 2331 planissima

99 2345 311 2438 'ndispositioff'

140 2468 193 2533 Sic
214 2469 465 2554 igiturAuct013
490 2469 544 2554 qui
567 2471 758 2556 gravissimo,
783 2472 864 2557 quod
886 2473 1135 2558 profanarent,
1160 2495 1231 2539 con·

101 2581 166 2646 silio
189 2582 264 2646 adeo
285 2603 347 2647 non
370 2583 496 2660 excidit,
528 2589 565 2649 ut
594 2584 706 2651 librum
725 2584 840 2672 publici
866 2587 946 2671 juris
972 2588 1079 2652 fecisse
1102 2610 1231 2653 censen·

101 2692 154 2760 dus
185 2696 247 2774 sit,
279 2701 310 2760 et
331 2696 399 2760 aliis
430 2696 605 2782 discipliuae
634 2706 754 2765 nostrae
777 2700 947 2768 cultoribus
968 2702 1096 2783 utilem,
1130 2708 1161 2767 et
1191 2703 1232 2766 iis

99 2810 265 2898 imprimis,
296 2812 365 2897 qui,
396 2811 445 2879 vel
474 2813 519 2878 rei
542 2809 697 2880 familiaris
719 2816 767 2883 vel
790 2818 934 2903 tenporis
956 2817 1108 2884 subsecivi
1131 2819 1232 2883 tenui·

97 2928 158 2992 tate
181 2926 309 3005 exclusi,
335 2927 532 3012 copiosiorem
556 2949 627 2992 suos
648 2930 682 2994 in
705 2951 779 2997 usus
801 2939 977 2998 convertere
1006 2938 1160 3018 nequeunt
1182 2954 1231 2997 su·

93 3041 276 3123 pellectilem
298 3041 472 3106 litteratam
518 3040 590 3113 Quo
611 3043 643 3106 in
663 3043 791 3126 judicio,
804 3048 1042 3114 consentientem
1058 3069 1106 3113 me
1122 3047 1232 3113 habere

91 3161 184 3225 video
218 3159 448 3226 Evaldinm.
505 3159 567 3225 Hic
601 3163 702 3237 enim,
739 3162 877 3246 quamvis
909 3182 1017 3247 parens
1054 3162 1231 3247 plerumque

87 3276 225 3342 aliorum
247 3275 401 3356 laudator,
437 3277 589 3360 Angeri
623 3275 681 3340 hdo
704 3277 737 3340 in
767 3275 902 3362 synopsi
926 3275 1022 3340 multa
1043 3274 1151 3359 probat
1172 3295 1229 3339 neo
1275 3268 1277 3273 ’

86 3392 258 3477 quicquam
280 3389 473 3476 reprehendit
494 3389 557 3476 (1).

135 3504 205 3576 Qui
227 3525 300 3570 vero
322 3509 465 3568 neutrum
488 3502 547 3568 sibi
570 3501 723 3588 objectum
744 3498 857 3565 habent
878 3500 1135 3586 impedimentum,
1153 3521 1228 3567 neu·

79 3618 140 3684 tra
165 3620 346 3701 premuntur
369 3615 556 3696 difficultate,
584 3616 623 3678 iis
645 3619 751 3680 auctor
773 3635 840 3680 sum
862 3619 899 3679 ut
921 3635 991 3680 oum
1013 3615 1228 3700 Angeriant

78 3725 166 3808 hoc,
199 3750 291 3815 quam
312 3729 518 3806 laudavimus,
552 3729 795 3814 Euanprliorum
829 3727 963 3816 Syaopd
986 3728 1148 3815 diligenter
1171 3728 1230 3793 Ti·
1305 3811 1310 3820 ⁹

80 3845 345 3912 schendorfii
368 3849 542 3928 comparent
565 3843 669 3908 eodem
692 3845 725 3908 in
748 3864 859 3929 genere
881 3841 992 3908 librum
1009 3842 1065 3929 (2);
1087 3863 1177 3927 quem
1197 3849 1228 3907 et

84 4009 251 4022 —n—-n

128 4142 169 4207 (l)
181 4141 218 4194 V.
232 4140 323 4194 Jahrb.
341 4141 384 4193 der
398 4141 452 4193 bibl.
472 4139 658 4208 Wissensclrofl,
674 4141 694 4192 I
700 4142 748 4194 Vm
760 4140 851 4193 latre.
873 4147 1051 4204 1851-1852,
1068 4159 1093 4209 p.
1110 4149 1152 4194 80.

129 4235 168 4298 (2)
191 4233 311 4301 synopsis
334 4233 484 4300 mpetu,
507 4249 538 4285 cs
561 4243 662 4299 quatuor
690 4234 806 4302 Euunqp.
833 4235 914 4287 ordine
944 4234 1044 4286 chronol.
1070 4234 1229 4298 concinnavit,

87 4335 216 4392 nudato
240 4327 306 4378 brevi
321 4325 636 4390 murmurmurmur,
653 4329 688 4378 ud
707 4328 814 4393 αιιιιὶιιιοι
835 4336 904 4385 mter
919 4328 1027 4394 apposito
1041 4333 1163 4392 apparatu
1180 4327 1228 4377 οη·-

95 4423 142 4473 rico
157 4424 272 4475 recenseret
290 4424 397 4476 const.
415 4422 643 4478 Tischendorfr
661 4419 732 4486 Lips.
756 4426 831 4473 recl.
847 4420 929 4486 Pagg.
947 4418 1038 4473 LXVI
1056 4428 1105 4471 etc.
1122 4424 1182 4468 202.
1203 4477 1207 4482 .

1046 4513 1063 4576 7
1078 4511 1093 4542 θ
