2782 4958
548 371 588 413 na
611 369 809 413 noraaaosro.
1204 347 1246 409 53

136 535 206 608 rifico
229 547 380 608 ornatum
408 535 571 634 praemio,
594 537 662 608 suis
688 535 720 606 in
742 533 908 632 Operibus
929 532 1091 607 edendum
1119 533 1246 608 curavit

136 657 210 755 deaii
229 659 384 747 instituti,
403 657 493 756 quod
514 670 592 730 tunc
616 669 702 744 erat,
721 656 950 729 Nedariende'ci
967 654 1084 728 Classis
1100 657 1243 729 secanda.

137 783 194 868 Qua
216 781 376 880 probante
404 779 525 869 Classe,
552 805 626 853 eum
656 779 706 851 bis
733 779 886 878 deinceps
910 805 970 853 suo
995 781 1100 853 Marte
1124 780 1246 852 iteratis

137 903 333 1002 frequentavit
363 903 563 977 editionibus
592 904 730 976 Auctor.
781 903 893 1001 Atque
927 902 988 975 hac
1012 904 1043 975 in
1078 929 1113 977 ra
1146 929 1245 1002 quam

138 1022 357 1124 diligentissime
382 1051 462 1101 eum
498 1040 662 1100 versatum
700 1052 772 1100 esse
801 1026 896 1098 nobis
924 1028 1087 1115 constitit3
1122 1029 1245 1127 quippe
1346 1088 1348 1091 ,

138 1147 180 1246 qui
201 1150 311 1222 tertiae
334 1149 416 1223 adeo
442 1149 574 1223 editioni
601 1150 693 1222 novis
719 1149 806 1223 curis
831 1148 1042 1248 expoliendae
1067 1161 1167 1251 atque
1187 1176 1246 1224 au·

138 1269 238 1366 gandae
254 1271 397 1370 plurium
420 1271 528 1346 denuo
550 1274 707 1345 mensium
731 1297 863 1367 operam
887 1298 958 1346 sese
979 1272 1133 1346 tribuisse
1153 1273 1244 1346 affir-

138 1404 188 1463 met
207 1393 263 1491 (t).
307 1395 358 1466 Ac
386 1420 464 1468 vere
492 1393 555 1467 hoc
586 1419 660 1466 eum
693 1393 813 1467 dixisse
842 1395 941 1493 hujus
970 1422 1044 1469 curu
1081 1397 1245 1495 prioribus

138 1512 309 1590 editionibus
333 1517 453 1590 evincit
481 1516 690 1613 comparatio.
731 1515 794 1588 Ubi
820 1516 883 1589 boc
907 1542 1009 1590 unum
1032 1519 1165 1591 forsitan
1189 1517 1246 1590 do·

139 1633 246 1712 lendum
277 1654 342 1727 est,
381 1638 491 1738 quod,
526 1663 611 1738 quae
645 1638 677 1709 in
708 1639 850 1710 instituti
875 1638 1016 1714 editione
1053 1641 1246 1740 praecipuos

139 1777 344 1862 excerpserant
375 1763 569 1835 narrationis
594 1763 709 1850 tontes,
735 1762 889 1835 Analecta
913 1763 1069 1854 br'sterica,
1097 1792 1135 1839 ea
1158 1790 1245 1838 nunc

138 1883 245 1958 exclusa
264 1900 351 1959 suut.
388 1888 561 1960 Caeterum
581 1910 699 1983 magno
721 1911 881 1959 consensu
901 1887 1134 1984 praedicarunt
1151 1889 1246 1987 Opus

138 2013 216 2101 atquc
235 2022 271 2082 ut
291 2009 455 2081 ctaar‘aam
480 2008 655 2082 laudarunt
677 2008 836 2080 librorum
854 2011 1014 2084 Censores
1038 2011 1157 2111 aliique
1176 2013 1245 2084 Viri

136 2120 212 2219 docti,
230 2157 290 2205 neo
308 2132 329 2202 ii
345 2133 433 2205 cives
450 2132 567 2222 solum,
586 2131 643 2205 scd
665 2132 740 2205 item
759 2134 871 2206 exteri.
910 2136 1058 2219 Quorum
1078 2161 1143 2207 non
1163 2136 1243 2208 nulli

135 2243 154 2314 ⁸1
173 2254 325 2349 quaedam
353 2269 565 2353 exceperant,
593 2255 710 2327 horum
741 2255 1094 2346 animadversionibus,
1119 2257 1175 2329 ubi
1202 2258 1243 2329 li-

134 2360 209 2447 brum
238 2377 455 2467 retractabat,
487 2377 583 2450 modo
609 2377 789 2475 prudenter
818 2404 939 2451 morem
971 2379 1070 2476 gessit
1096 2381 1240 2468 Auctor,

132 2497 209 2572 uodo
234 2500 424 2598 gravissima
448 2505 595 2599 reposuit
622 2515 813 2598 argumenta
834 2501 895 2600 (Ξ).
934 2503 1003 2576 Nec
1024 2501 1241 2575 dubitandum

129 2693 262 2719 κ...-

154 2828 197 2902 (1)
216 2828 420 2884 cherlandice
430 2828 612 2900 astinncripta
619 2828 827 2884 commentatio:
841 2827 1017 2884 Gesctteaots
1025 2832 1069 2885 der
1077 2830 1205 2899 ianuarino
1212 2849 1243 2885 aa

118 2928 234 2997 receptaq
253 2945 303 2980 aaa
319 2929 358 2982 bet
379 2927 550 2982 &tristandum
567 2929 593 2980 ia
610 2927 766 2983 Nadartaad.
805 2928 875 2982 Erae
892 2931 954 2982 door
972 2931 1002 2982 de
1022 2929 1065 2982 tb-
1087 2911 1180 2983 arasse
1193 2947 1243 2982 aaa

111 3017 148 3081 ter
163 3024 233 3081 Koa.
248 3026 355 3081 Nedart.
376 3027 498 3080 Iastitaot
510 3057 546 3068 -
560 3027 697 3081 bebroonde
711 3028 972 3096 prijseartaadelin9;
990 3035 1019 3081 et
1042 3027 1116 3096 Traj.
1138 3030 1173 3081 ad
1187 3028 1239 3081 Ra.

107 3133 134 3182 et
152 3127 239 3181 Amst.
263 3131 345 3180 1842.
385 3126 492 3181 Eodem
511 3125 584 3181 enim
604 3126 656 3181 boc
675 3143 748 3180 anno
769 3126 857 3181 altera
882 3125 1041 3191 editioilltc
1060 3127 1148 3180 forma
1167 3143 1241 3181 com·

104 3222 201 3294 paruit
218 3225 307 3278 octava
328 3225 390 3296 (pp.
409 3227 488 3297 37⁶3),
509 3241 565 3297 quo
585 3227 626 3278 bic
643 3225 733 3296 prima
752 3233 941 3297 praecesserat
960 3225 1052 3294 perorari
1071 3226 1159 3280 forma
1174 3225 1237 3296 (pp.

104 3325 189 3395 472),
210 3323 325 3376 Iastitati
341 3323 421 3392 Repu
439 3323 522 3378 Closs.
544 3324 585 3378 11.
607 3324 635 3378 in
657 3325 723 3394 Opp.
750 3325 803 3380 Vol.
823 3324 891 3379 VII.
907 3324 1026 3377 —Tum
1045 3323 1155 3378 tertiam
1175 3324 1240 3379 sub·

104 3417 170 3484 iecit
183 3420 334 3476 editionem
349 3421 471 3492 Auctor3
491 3423 565 3492 Traj.
579 3422 674 3475 aaut.
693 3428 773 3490 1844,
788 3422 827 3476 ita
840 3429 948 3476 auctam
965 3421 1101 3489 iilam,ut‚
1112 3421 1239 3493 sepositis

104 3518 158 3584 iam
182 3519 313 3575 Analectr's
329 3523 399 3586 bist,
417 3541 465 3594 pp.
486 3528 662 3576 remanerent
679 3529 743 3576 414.
766 3520 851 3593 Cujus
872 3521 915 3575 ed.
931 3537 965 3575 ex
979 3520 1150 3592 praefatione
1170 3538 1239 3575 non·

104 3621 181 3676 nulla
199 3619 341 3675 hausimus
361 3639 444 3692 supra
463 3620 555 3675 allata.

137 3721 188 3792 (2)
209 3721 339 3794 Impense
359 3721 459 3776 librum
481 3720 605 3776 laudavit
626 3720 847 3786 Credneruo,
869 3720 897 3773 in
918 3720 1034 3792 prem.
1058 3720 1129 3776 Neue
1148 3722 1238 3777 Jeoor·

104 3819 283 3876 retemta.
305 3823 370 3876 Zeit.
392 3827 474 3875 1842.
495 3821 544 3875 No.
566 3827 618 3875 237
640 3838 703 3892 sqq.
743 3820 789 3874 Ita
808 3829 912 3887 tamen,
934 3827 975 3888 ut,
1004 3837 1075 3891 quae
1096 3821 1129 3876 de
1149 3822 1239 3893 priscii

104 3921 260 3975 Edmieisme'
282 3922 332 3975 hac
357 3921 386 3974 in
406 3920 501 3974 Patria
525 3919 686 3974 conditione
707 3918 782 3973 dieta
801 3927 896 3988 erent,
917 3936 951 3973 ea
969 3921 1123 3989 conjecturas
1143 3921 1236 3992 potius

103 4018 247 4074 continere
266 4021 457 4087 contenderet,
479 4037 560 4091 quam
580 4020 699 4073 tractoriae
718 4019 874 4072 veritatem.
903 4019 955 4074 Cui
975 4037 1041 4076 vero
1062 4019 1166 4076 Critico
1182 4021 1237 4075 cla·

103 4117 215 4172 cincimo
238 4135 310 4189 quae
333 4118 489 4190 reposuerit
508 4119 557 4185 R.‚
579 4117 687 4172 curabis
708 4124 739 4171 ut
757 4134 794 4171 ex
813 4116 895 4171 tertia
914 4134 1065 4188 cognoscas
1085 4118 1157 4190 disp.
1178 4119 1236 4173 edi·

103 4215 191 4271 tione.
221 4215 394 4271 Credneri
413 4217 483 4271 hanc
502 4233 645 4271 censuram
665 4213 771 4269 videbis
792 4231 953 4269 conversam
972 4215 1000 4268 in
1018 4216 1090 4287 pr.
1103 4219 1237 4274 Kena-en

103 4314 264 4379 Lattarbode,
286 4320 373 4381 1843,
393 4314 445 4370 No.
469 4320 588 4369 11-19.
627 4313 732 4369 Verum
760 4313 893 4384 majorem
918 4312 1002 4367 etiam
1022 4314 1058 4368 ab
1079 4316 1235 4374 eruditione

104 4414 372 4470 commendationem
385 4432 501 4471 censura
513 4416 607 4484 babet,
617 4431 700 4487 quam
710 4412 785 4468 Civis
799 4419 893 4467 noster
906 4430 1069 4484 anonymus,
1079 4432 1129 4470 noc
1143 4423 1234 4473 tamen

105 4512 236 4570 obscuras
250 4514 307 4584 iile,
322 4515 359 4571 D.
375 4515 550 4589 premoridi
564 4513 695 4571 inseruit:
719 4513 785 4569 Vad.
798 4511 938 4582 Lattaraeffl
957 4518 1037 4567 1842.
1056 4520 1080 4568 1.
1097 4534 1124 4588 p.
1142 4522 1232 4572 663-
