2782 4958
613 346 765 389 maranno

124 536 220 599 vero,
243 510 333 610 quod
355 513 395 583 ea
419 508 539 609 pietate
556 508 693 583 decebat
713 507 912 582 llistoricum
931 506 1140 606 eundemque
1153 505 1238 580 Theo·
1284 504 1287 513 ’

126 632 253 730 logum,
270 631 496 705 Providentiae
517 631 664 719 Divinae,
682 631 831 730 quamvis
847 629 949 703 multa
971 655 1031 729 per
1050 629 1160 704 secula
1173 654 1239 701 mor·

125 754 237 829 talium
277 755 490 854 perversitate
527 754 700 827 coelestem
738 752 911 852 Euangelii
950 753 1058 826 lucem
1092 751 1240 826 obscurari

125 879 359 977 permittentis,
385 878 576 977 sapientiam
611 876 910 975 benignitatemque
940 889 1075 949 strenue
1106 874 1240 948 tuendam

126 1001 253 1074 curavit
277 1026 315 1074 ac
343 1000 521 1098 prudenter
541 999 778 1073 celebrandam.
804 1039 845 1052 -
870 997 1032 1085 Tandem,
1051 1024 1135 1098 quas
1156 999 1185 1069 in
1200 1024 1242 1070 su·

126 1125 254 1222 periore
279 1123 430 1223 Collegae
450 1148 549 1221 opere
571 1121 700 1196 laudavi
723 1123 932 1210 narrationis,
955 1148 997 1195 ex
1016 1121 1130 1196 subtili
1150 1144 1241 1194 rarum

126 1245 333 1345 inquisitione
352 1245 514 1343 proiectae
532 1270 570 1317 ac
593 1245 761 1332 manantis,
781 1244 919 1317 virtutes
935 1257 1035 1343 atque
1056 1241 1241 1341 elegantiam,

125 1382 204 1441 sunt
225 1369 287 1442 hae
312 1368 414 1458 dotes,
433 1367 546 1442 eodem
571 1382 629 1440 aut
653 1368 775 1464 majore
797 1368 893 1441 etiam
921 1366 1027 1456 modo,
1053 1368 1104 1440 vel
1129 1367 1241 1464 utrique

126 1493 178 1566 vel
211 1491 380 1591 posteriori
411 1506 499 1565 certe
533 1491 632 1588 hujus
660 1491 762 1563 Medii
787 1489 871 1563 Aaar'
900 1491 1063 1563 Historiae
1094 1488 1240 1563 Volumini

127 1614 320 1688 tribuendae
335 1614 396 1712 (l)
443 1614 605 1700 Quocirca
622 1613 723 1713 quod,
746 1627 821 1686 ante
838 1614 901 1686 hoc
922 1614 1097 1686 triennium
1118 1625 1151 1685 et
1166 1608 1238 1711 quod

127 1738 280 1827 excurrit,
299 1738 358 1836 ipsi
380 1763 487 1810 coram
503 1737 577 1826 dixi,
587 1740 653 1835 jam
678 1737 759 1836 proh
780 1736 888 1810 dolor!
911 1735 1076 1825 deluncto,
1096 1734 1237 1830 Collegae,

126 1886 215 1933 nunc
242 1859 373 1958 publice
398 1859 430 1932 id
446 1859 591 1959 proliteri
614 1886 678 1933 non
696 1859 828 1947 dubito,
850 1858 984 1930 alterurn
1001 1858 1140 1931 maxime
1160 1858 1237 1953 hujus

129 1984 247 2082 Operis
276 1983 422 2056 Velamen
444 2008 496 2055 me
521 1981 665 2055 omnium
685 1981 995 2080 praestantissimum
1021 1982 1183 2055 doctrinae
1198 2007 1237 2053 ar·

130 2107 245 2206 tisque,
265 2112 331 2205 qua
350 2106 487 2196 valebat,
508 2105 682 2179 historicae
707 2106 925 2179 testimonium
948 2104 1071 2179 habere
1097 2130 1134 2178 ac
1156 2104 1237 2177 docu-

128 2242 285 2303 mentum.

122 2555 273 2569 ..n-u...—

166 2690 212 2761 (t)
233 2690 305 2745 Sunt
320 2689 431 2761 quidem
450 2706 520 2761 quae
538 2689 567 2743 in
584 2689 640 2744 stili
658 2690 847 2762 orationisque
862 2691 1082 2747 conformatione
1098 2689 1236 2746 minuslau·

127 2789 219 2842 danda
244 2793 356 2860 putaret
385 2787 468 2842 Tomi
492 2788 507 2842 I
538 2788 692 2843 censorin
718 2788 792 2859 Eph.
821 2789 927 2844 Waart.
949 2791 976 2843 tn
995 2789 1103 2859 Liefde,
1125 2795 1200 2845 1850.
1218 2793 1237 2842 t.

127 2905 155 2958 p.
174 2892 227 2941 ota
242 2903 305 2958 sqq.
326 2885 387 2941 Neo
402 2893 495 2941 tamen
513 2886 589 2943 locos
603 2889 709 2954 deesse,
725 2887 774 2958 qui
786 2889 822 2942 ab
838 2887 889 2942 hac
908 2905 1019 2960 quoque
1038 2896 1119 2962 parte
1138 2890 1240 2944 habeant

126 2985 403 3054 commendationem,
424 2985 490 3039 mibi
510 2987 651 3055 assentiet,
673 2987 793 3055 confido,
814 2988 865 3043 Vir
884 2988 1064 3045 clarissimus.

164 3086 199 3141 In
216 3085 294 3153 locis,
316 3085 363 3140 ubi
382 3085 580 3158 disput-ationis
600 3087 732 3144 historica
751 3088 889 3144 subtilitas
907 3107 939 3144 aa
953 3090 1121 3164 philosopha
1140 3109 1197 3147 curn
1212 3088 1245 3144 di·

125 3183 216 3240 lucida
235 3192 266 3240 ut
282 3183 430 3257 plurimum
448 3186 582 3241 orationis
601 3187 798 3259 perspicuitate
815 3188 909 3260 pulcre
926 3190 1076 3262 conjuncta
1090 3191 1209 3247 cernitur
1222 3206 1251 3245 ac

126 3285 227 3350 nitore,
248 3285 325 3352 haec,
347 3283 401 3338 alia
422 3301 635 3354 rememorem,
657 3288 827 3341 numeranda
843 3303 953 3343 censeo.
986 3288 1184 3362 Quaecunque,
1200 3290 1252 3344 ine-

126 3394 193 3439 ante
207 3383 273 3439 Vol.
291 3384 316 3440 Ι.
336 3403 364 3456 p.
384 3390 484 3451 1-40,
499 3385 527 3439 id
544 3393 642 3457 agunt,
660 3394 692 3441 nt
709 3386 736 3440 in
753 3405 844 3442 rerum
862 3397 1003 3460 gestarum
1017 3387 1104 3442 veluti
1121 3390 1251 3444 theatrum

125 3483 259 3539 lectorum
278 3483 482 3540 transferentur
501 3485 602 3553 animi3
619 3485 768 3540 ——deinde
790 3504 872 3558 quae,
893 3487 984 3541 ebidem
1003 3506 1031 3558 p.
1053 3493 1107 3542 238
1125 3505 1201 3560 sqq,
1221 3489 1253 3542 de

127 3582 336 3654 expeditionum
353 3584 534 3638 cruciatorum
554 3585 684 3639 dicuntur
701 3586 856 3640 effectibus.
868 3618 904 3627 —
914 3587 1028 3640 Alterius
1051 3587 1151 3643 Vatum.
1167 3597 1195 3643 et
1211 3588 1254 3642 alii

127 3683 207 3738 multi
217 3682 271 3736 loci
285 3684 492 3754 perpendantur
508 3692 536 3738 et
552 3683 580 3737 hi
598 3702 652 3737 non
667 3684 773 3738 ultimi:
790 3685 911 3738 narratio
923 3687 957 3739 de
967 3685 1135 3741 Dioeceseos
1149 3687 1256 3742 Rheno·

128 3781 312 3851 Trajeotinaa,
334 3783 411 3853 quod
430 3800 453 3836 a.
473 3788 654 3837 lata-1457
676 3783 796 3850 exstitit,
817 3784 970 3849 Scht'srnate,
989 3803 1018 3855 p.
1033 3791 1066 3838 70
1088 3803 1165 3856 sqq.;
1179 3818 1213 3828 -
1225 3788 1256 3840 de

128 3880 300 3951 Philippo
327 3881 578 3952 Burgundico‚
605 3902 633 3955 p.
657 3889 689 3936 at
712 3900 787 3953 sqq.;
812 3915 845 3926 -
868 3885 903 3936 da
922 3883 1038 3937 seculari
1058 3885 1258 3958 Episcoporum

127 3978 320 4050 Rheno-Traj.
342 3986 498 4050 potestate,
519 3999 548 4051 p.
573 3985 625 4034 104
646 3997 722 4053 sqq.;
741 4009 776 4020 -
797 3980 831 4033 de
856 3979 988 4034 historiae
1008 3983 1185 4036 monachicae
1205 4000 1257 4037 sec.

128 4078 307 4134 xlv-XVI
324 4079 530 4150 progressione,
552 4099 580 4151 p.
601 4085 652 4134 501
676 4096 738 4150 sqq.
760 4079 811 4133 His
833 4078 950 4150 aliisque
969 4080 1037 4135 locis
1057 4081 1081 4135 si
1100 4099 1186 4152 pauca
1205 4083 1258 4136 for·

128 4178 200 4233 sitan
220 4177 355 4232 orationis
373 4177 401 4232 in
417 4178 636 4234 conformat-ione
655 4179 880 4250 reprehenderis;
898 4186 927 4233 at
943 4179 1037 4234 multis
1053 4181 1131 4247 haec,
1150 4181 1258 4253 siquae

128 4283 203 4342 suut,
225 4275 282 4329 stili
301 4275 370 4330 vitia
389 4284 605 4348 compensantur
625 4276 790 4343 virtutibus,
814 4278 843 4331 in
864 4278 964 4349 quibus
984 4296 1040 4333 non
1062 4279 1162 4335 ultima
1180 4288 1259 4353 grata

129 4375 266 4446 quaedam
290 4383 333 4431 est
358 4394 391 4431 ac
415 4376 497 4448 plano
520 4376 730 4432 Hausdiana
760 4376 891 4432 dictionis
916 4378 1088 4450 negligentia
1108 4397 1140 4435 ac
1167 4380 1258 4436 natira

129 4472 300 4545 simplicitas.
