2782 4958
547 356 586 398 nn
608 355 807 399 noxtnxnsro.
1204 335 1244 398 te

112 519 327 594 Frederiei
358 519 668 617 Ehrenbergii,
710 519 956 617 sapientissimi,
988 519 1066 592 dum
1101 520 1132 591 in
1164 520 1245 593 vivis
1344 502 1347 507 ²

115 657 198 733 erat,
218 644 306 742 apud
325 644 542 716 Beroliueoses
558 642 732 739 Theologi,
749 644 889 740 optimae
911 642 1014 740 frugis
1031 642 1168 731 librum,
1187 643 1245 716 ubi

119 767 199 853 Viri,
219 768 275 866 qui
295 766 435 840 nominis
456 766 580 839 honore
596 767 716 864 diguus
730 766 781 855 sit,
800 767 1011 838 characterem
1028 766 1246 865 pulcherrime

113 888 260 988 depinxit
285 916 322 962 ao
352 891 585 962 destinationem
608 890 687 987 (ua
736 892 841 975 Quem
875 915 936 987 ego
966 889 1103 978 librum,
1136 890 1246 963 multis

112 1013 191 1086 tude
219 1014 261 1085 ab
286 1015 396 1102 annis,
422 1017 466 1086 ita
491 1014 522 1087 in
549 1013 671 1086 deliciis
699 1013 819 1100 habui,
851 1012 895 1086 ita
923 1012 964 1084 ad
995 1013 1159 1098 omnium,
1189 1013 1246 1111 qui

112 1136 178 1209 sibi
203 1135 319 1210 deesse
345 1136 447 1211 nolint
470 1163 529 1210 nec
559 1137 675 1225 officio,
703 1135 802 1208 vitam
824 1135 998 1232 regendam
1021 1136 1131 1209 utilem
1156 1162 1248 1209 com·

113 1259 187 1358 peri
216 1284 254 1332 ae
274 1260 491 1346 fructuosum,
524 1273 559 1333 ut
582 1260 707 1334 nullum
733 1259 826 1332 laeile
856 1259 968 1356 magis.
1019 1259 1106 1331 Talis
1130 1260 1245 1356 igitur,

114 1380 225 1479 qualis
248 1382 389 1480 speciem
423 1382 579 1480 graphice
612 1383 756 1481 depinxit
780 1381 1117 1479 EhrenhergiuS,
1153 1384 1248 1456 nobis

115 1507 189 1578 Vir
215 1505 276 1577 luit
300 1506 599 1605 Royaardsius.
651 1508 757 1591 Quem
782 1530 843 1575 non
861 1530 893 1575 se
916 1504 1016 1593 rebus,
1038 1503 1095 1578 sed
1115 1505 1176 1576 sibi
1199 1529 1248 1576 res
1277 1517 1282 1528 '

113 1641 354 1728 quantumpote
389 1629 613 1701 submittentem
649 1627 804 1716 vidimus,
838 1652 876 1699 ao
917 1629 1037 1702 Poetae
1075 1643 1247 1727 praecepto

116 1765 308 1849 parentem:

166 1904 183 1945 u
198 1879 246 1949 Tu
270 1903 308 1947 ne
330 1878 403 1949 cede
427 1878 539 1966 molis,
561 1877 614 1949 sed
638 1877 817 1949 dracontea
840 1878 953 1971 fortior
976 1877 1050 1949 e'to.''

165 2000 281 2073 Mundi
313 2004 398 2074 euim
428 2002 664 2101 hominumque
690 2001 905 2098 cognitionem
933 2001 975 2073 ab
1000 1999 1141 2072 Historia
1173 2025 1245 2072 ma-

118 2120 219 2217 gistra
245 2121 395 2195 traditam
421 2137 602 2221 acceperat,
625 2125 763 2196 multum
788 2150 863 2196 cum
896 2123 1024 2197 civibus
1045 2124 1245 2222 exterisque,

117 2244 191 2341 plus
220 2245 318 2317 etiam
344 2246 413 2344 ipse
440 2271 570 2335 seeum,
594 2247 817 2319 conversando
846 2247 1039 2336 adauxerat,
1063 2247 1246 2346 sapientum

117 2368 247 2440 monitis
272 2370 489 2468 percipiendis
520 2369 741 2445 confirmarat.
792 2371 887 2444 Unde
908 2371 1028 2444 lactum
1056 2385 1106 2444 est
1131 2371 1247 2443 utlra-

119 2490 228 2586 gilium
270 2517 378 2565 rerum
417 2519 455 2566 ac
497 2493 660 2565 fluxarum
698 2507 880 2566 contemtor
917 2494 1025 2592 potius
1058 2506 1246 2591 appareret,

119 2638 214 2711 quam
244 2613 419 2688 admirator
440 2616 499 2688 Vir
522 2642 717 2714 generosum
747 2617 800 2690 cui
825 2617 904 2716 quid
928 2617 970 2688 ab
991 2617 1029 2688 iis
1049 2615 1246 2714 sperandum

119 2751 212 2824 esset,
236 2738 315 2838 quid
341 2739 563 2825 metuendum,
585 2746 641 2828 ed,
668 2765 766 2839 quam
794 2739 953 2826 diximus,
981 2740 1033 2812 via
1057 2739 1153 2838 plane
1169 2765 1245 2813 con-

117 2863 251 2935 stiterat.
285 2911 325 2922 -
349 2864 498 2935 Robusto
524 2864 623 2936 luisse
653 2889 728 2936 eum
761 2888 898 2961 corpore
927 2879 1088 2937 noverunt
1115 2889 1244 2953 omues;

116 3007 228 3059 verum
257 2986 379 3083 pectori
405 3012 469 3057 non
501 2988 607 3057 minus
631 2985 759 3058 roboris
788 2989 893 3059 inesse
920 3011 958 3059 ae
983 2986 1084 3059 virilis
1112 2987 1242 3082 vigoris

110 3103 208 3182 facile
246 3133 305 3179 nos
343 3107 560 3180 intelleximus
596 3107 780 3182 familiares.
835 3106 953 3180 Alacer
994 3108 1078 3180 enim
1117 3109 1244 3181 animus

106 3245 198 3319 erat,
230 3244 400 3319 strenuus,
428 3243 576 3329 promtus
599 3231 640 3302 ad
667 3230 828 3327 agendum
857 3244 890 3303 et
917 3230 1070 3327 impiger,
1098 3257 1118 3302 a
1145 3257 1243 3328 prae·

105 3354 204 3455 cipiti
231 3353 362 3453 quidem
381 3351 561 3424 abhorrens
582 3352 773 3437 temeritate,
796 3352 853 3424 sed
875 3351 915 3424 ad
933 3351 1072 3423 difficilia
1095 3351 1245 3426 audenda

105 3497 147 3551 uc
194 3489 381 3548 constanter
413 3473 621 3572 exsequenda
655 3475 854 3573 compositus
890 3488 924 3547 et
953 3475 1165 3564 exercitatus3
1201 3477 1245 3548 ita

105 3599 268 3697 propositi
280 3612 385 3687 tenone,
411 3609 456 3686 ut,
479 3597 690 3696 necopinatis,
717 3623 802 3696 quae
826 3598 908 3670 lorte
930 3597 991 3669 sibi
1014 3597 1245 3696 objectavide·

105 3719 189 3811 bat,
220 3720 373 3820 periculis
397 3747 435 3792 ao
454 3719 702 3792 difficultatibus
728 3746 792 3791 non
813 3719 987 3793 deterritus
1006 3746 1066 3794 neo
1087 3721 1242 3819 deJ'ectus,

105 3870 229 3921 eurum
244 3844 401 3944 adspectu
418 3843 459 3916 ad
475 3845 629 3940 majorem
647 3843 759 3932 etiam,
778 3868 876 3942 quam
897 3857 1009 3931 antea,
1033 3845 1149 3918 virium
1167 3872 1244 3921 con-

106 3969 292 4044 tentionem
319 3968 553 4065 aecingendum
581 3992 653 4040 sese
670 3979 801 4065 putaret
825 3979 859 4039 et
879 3966 1155 4066 adstringendum.
1188 3972 1243 4044 Vi-

152 4193 200 4266 (1)
220 4192 274 4247 Het
291 4193 413 4246 korukter
424 4208 454 4244 en
472 4192 502 4244 de
524 4189 681 4257 bestemminp
697 4203 747 4241 ean
765 4189 813 4242 den
831 4187 909 4243 Meo.
953 4188 998 4242 Uit
1014 4189 1245 4264 detHoopduitscd;

113 4295 199 4348 Amet.
220 4298 303 4346 1817.
318 4321 354 4331 -
371 4288 511 4344 Praeclori
530 4289 604 4357 libri,
621 4287 771 4360 juvenibus
791 4287 925 4360 imprimis
945 4290 1165 4360 commendandi,
1186 4293 1244 4349 Ne-

114 4392 276 4448 derlandica
294 4390 489 4463 interpretatio
509 4398 651 4447 auctorem
669 4390 752 4446 habet
771 4389 874 4446 Bern.
894 4389 1052 4462 Verwey,
1073 4395 1169 4448 coetus
1187 4393 1243 4448 Ho-

115 4491 191 4564 gani,
213 4492 278 4547 dum
297 4489 420 4560 vivebat,
442 4489 614 4548 Antistitem.
