<?xml version="1.0" encoding="UTF-8"?>
<!DOCTYPE html PUBLIC "-//W3C//DTD XHTML 1.0 Transitional//EN"
    "http://www.w3.org/TR/xhtml1/DTD/xhtml1-transitional.dtd">
<html xmlns="http://www.w3.org/1999/xhtml" xml:lang="en" lang="en">
 <head>
  <title>
</title>
<meta http-equiv="Content-Type" content="text/html;charset=utf-8" />
  <meta name='ocr-system' content='tesseract 3.04.00' />
  <meta name='ocr-capabilities' content='ocr_page ocr_carea ocr_par ocr_line ocrx_word'/>
</head>
<body>
  <div class='ocr_page' id='page_1' title='image "./chartaetheologi00boumgoog_0044.png"; bbox 0 0 2782 4958; ppageno 0'>
   <div class='ocr_carea' id='block_1_1' title="bbox 617 110 1261 171">
    <p class='ocr_par' dir='ltr' id='par_1_1' title="bbox 617 110 1261 171">
     <span class='ocr_line' id='line_1_1' title="bbox 617 110 1261 171; baseline 0.011 -8"><span class='ocrx_word' id='word_1_1' title='bbox 617 121 783 165; x_wconf 71' lang='lat' dir='ltr'><strong>ornantis.</strong></span> <span class='ocrx_word' id='word_1_2' title='bbox 1221 110 1261 171; x_wconf 75' lang='grc'><strong>27</strong></span> 
     </span>
    </p>
   </div>
   <div class='ocr_carea' id='block_1_2' title="bbox 121 280 1266 3549">
    <p class='ocr_par' dir='ltr' id='par_1_2' title="bbox 121 280 1266 3549">
     <span class='ocr_line' id='line_1_2' title="bbox 134 280 1263 371; baseline 0.009 -26"><span class='ocrx_word' id='word_1_3' title='bbox 134 280 299 357; x_wconf 78' lang='lat' dir='ltr'><strong>lenioribus</strong></span> <span class='ocrx_word' id='word_1_4' title='bbox 320 283 509 351; x_wconf 89' lang='lat' dir='ltr'><strong>inculcarent</strong></span> <span class='ocrx_word' id='word_1_5' title='bbox 530 283 665 351; x_wconf 80' lang='lat' dir='ltr'><strong>fabellas.</strong></span> <span class='ocrx_word' id='word_1_6' title='bbox 712 283 806 360; x_wconf 78' lang='lat' dir='ltr'><strong>Quod</strong></span> <span class='ocrx_word' id='word_1_7' title='bbox 827 286 862 361; x_wconf 85' lang='lat' dir='ltr'><strong>in</strong></span> <span class='ocrx_word' id='word_1_8' title='bbox 884 286 1035 371; x_wconf 82' lang='lat' dir='ltr'><strong>plerisque</strong></span> <span class='ocrx_word' id='word_1_9' title='bbox 1056 287 1132 354; x_wconf 87' lang='lat' dir='ltr'><strong>adeo</strong></span> <span class='ocrx_word' id='word_1_10' title='bbox 1153 288 1263 368; x_wconf 84' lang='lat' dir='ltr'><strong>reboo,</strong></span> 
     </span>
     <span class='ocr_line' id='line_1_3' title="bbox 134 394 1264 485; baseline 0.009 -25"><span class='ocrx_word' id='word_1_11' title='bbox 134 394 253 481; x_wconf 89' lang='lat' dir='ltr'><strong>publice</strong></span> <span class='ocrx_word' id='word_1_12' title='bbox 274 398 371 483; x_wconf 76' lang='lat' dir='ltr'><strong>goede</strong></span> <span class='ocrx_word' id='word_1_13' title='bbox 392 395 454 463; x_wconf 89' lang='lat' dir='ltr'><strong>illis</strong></span> <span class='ocrx_word' id='word_1_14' title='bbox 475 402 567 483; x_wconf 86' lang='lat' dir='ltr'><strong>atque</strong></span> <span class='ocrx_word' id='word_1_15' title='bbox 587 397 741 467; x_wconf 77' lang='lat' dir='ltr'><strong>annalium</strong></span> <span class='ocrx_word' id='word_1_16' title='bbox 759 399 819 464; x_wconf 91' lang='lat' dir='ltr'><strong>fide</strong></span> <span class='ocrx_word' id='word_1_17' title='bbox 848 405 880 464; x_wconf 90' lang='lat' dir='ltr'><strong>et</strong></span> <span class='ocrx_word' id='word_1_18' title='bbox 899 399 1004 485; x_wconf 88' lang='lat' dir='ltr'><strong>populi</strong></span> <span class='ocrx_word' id='word_1_19' title='bbox 1026 403 1172 468; x_wconf 83' lang='lat' dir='ltr'><strong>memoritl</strong></span> <span class='ocrx_word' id='word_1_20' title='bbox 1188 424 1264 470; x_wconf 90' lang='lat' dir='ltr'><strong>oon·</strong></span> 
     </span>
     <span class='ocr_line' id='line_1_4' title="bbox 134 510 1265 601; baseline 0.008 -27"><span class='ocrx_word' id='word_1_21' title='bbox 134 510 282 594; x_wconf 70' lang='lat' dir='ltr'><strong>agnam,</strong></span> <span class='ocrx_word' id='word_1_22' title='bbox 306 511 465 576; x_wconf 86' lang='lat' dir='ltr'><strong>nefacere</strong></span> <span class='ocrx_word' id='word_1_23' title='bbox 488 511 609 596; x_wconf 90' lang='lat' dir='ltr'><strong>quidem</strong></span> <span class='ocrx_word' id='word_1_24' title='bbox 632 513 755 597; x_wconf 89' lang='lat' dir='ltr'><strong>impone</strong></span> <span class='ocrx_word' id='word_1_25' title='bbox 781 519 958 597; x_wconf 87' lang='lat' dir='ltr'><strong>potnerunt.</strong></span> <span class='ocrx_word' id='word_1_26' title='bbox 1007 515 1109 598; x_wconf 80' lang='lat' dir='ltr'>Atque</span> <span class='ocrx_word' id='word_1_27' title='bbox 1131 519 1167 581; x_wconf 80' lang='lat' dir='ltr'><strong>et</strong></span> <span class='ocrx_word' id='word_1_28' title='bbox 1189 538 1265 601; x_wconf 90' lang='lat' dir='ltr'><strong>pro·</strong></span> 
     </span>
     <span class='ocr_line' id='line_1_5' title="bbox 133 623 1266 713; baseline 0.007 -25"><span class='ocrx_word' id='word_1_29' title='bbox 133 623 211 699; x_wconf 80' lang='lat' dir='ltr'><strong>tecto</strong></span> <span class='ocrx_word' id='word_1_30' title='bbox 240 627 435 693; x_wconf 83' lang='lat' dir='ltr'><strong>veneratione</strong></span> <span class='ocrx_word' id='word_1_31' title='bbox 456 626 606 692; x_wconf 80' lang='lat' dir='ltr'><strong>Jelooom</strong></span> <span class='ocrx_word' id='word_1_32' title='bbox 629 625 887 712; x_wconf 79' lang='lat' dir='ltr'><strong>prosequebantur</strong></span> <span class='ocrx_word' id='word_1_33' title='bbox 910 627 980 695; x_wconf 88' lang='lat' dir='ltr'><strong>Viri</strong></span> <span class='ocrx_word' id='word_1_34' title='bbox 1002 630 1045 713; x_wconf 92' lang='lat' dir='ltr'><strong>pii</strong></span> <span class='ocrx_word' id='word_1_35' title='bbox 1069 627 1221 707; x_wconf 86' lang='lat' dir='ltr'><strong>achoni,</strong></span> <span class='ocrx_word' id='word_1_36' title='bbox 1247 653 1266 696; x_wconf 88' lang='lat' dir='ltr'><strong>a</strong></span> 
     </span>
     <span class='ocr_line' id='line_1_6' title="bbox 132 738 1264 825; baseline 0.009 -23"><span class='ocrx_word' id='word_1_37' title='bbox 132 757 192 821; x_wconf 83' lang='lat' dir='ltr'><strong>uuo</strong></span> <span class='ocrx_word' id='word_1_38' title='bbox 213 738 386 821; x_wconf 90' lang='lat' dir='ltr'><strong>neminem,</strong></span> <span class='ocrx_word' id='word_1_39' title='bbox 411 741 471 815; x_wconf 83' lang='lat' dir='ltr'><strong>uisi</strong></span> <span class='ocrx_word' id='word_1_40' title='bbox 492 763 564 806; x_wconf 79' lang='lat' dir='ltr'><strong>vcra</strong></span> <span class='ocrx_word' id='word_1_41' title='bbox 586 743 674 807; x_wconf 81' lang='lat' dir='ltr'><strong>corde</strong></span> <span class='ocrx_word' id='word_1_42' title='bbox 696 740 873 825; x_wconf 72' lang='lat' dir='ltr'><strong>loquentem,</strong></span> <span class='ocrx_word' id='word_1_43' title='bbox 899 740 932 805; x_wconf 91' lang='lat' dir='ltr'><strong>in</strong></span> <span class='ocrx_word' id='word_1_44' title='bbox 955 740 1124 807; x_wconf 78' lang='lat' dir='ltr'><strong>clientelam</strong></span> <span class='ocrx_word' id='word_1_45' title='bbox 1144 743 1264 813; x_wconf 75' lang='lat' dir='ltr'><strong>admitti</strong></span> 
     </span>
     <span class='ocr_line' id='line_1_7' title="bbox 132 841 1266 943; baseline 0.006 -27"><span class='ocrx_word' id='word_1_46' title='bbox 132 853 291 920; x_wconf 73' lang='lat' dir='ltr'><strong>novissent</strong></span> <span class='ocrx_word' id='word_1_47' title='bbox 317 856 388 940; x_wconf 83' lang='lat'>(1),</span> <span class='ocrx_word' id='word_1_48' title='bbox 419 861 474 931; x_wconf 86' lang='lat' dir='ltr'><strong>ut,</strong></span> <span class='ocrx_word' id='word_1_49' title='bbox 500 857 527 919; x_wconf 90' lang='lat' dir='ltr'><strong>si</strong></span> <span class='ocrx_word' id='word_1_50' title='bbox 549 856 603 940; x_wconf 91' lang='lat' dir='ltr'><strong>qni</strong></span> <span class='ocrx_word' id='word_1_51' title='bbox 627 855 696 932; x_wconf 86' lang='lat' dir='ltr'><strong>alii,</strong></span> <span class='ocrx_word' id='word_1_52' title='bbox 718 856 777 939; x_wconf 88' lang='lat' dir='ltr'><strong>ipsi</strong></span> <span class='ocrx_word' id='word_1_53' title='bbox 798 861 881 920; x_wconf 89' lang='lat' dir='ltr'><strong>certe</strong></span> <span class='ocrx_word' id='word_1_54' title='bbox 903 841 987 920; x_wconf 71' lang='lat' dir='ltr'><strong>nicta</strong></span> <span class='ocrx_word' id='word_1_55' title='bbox 1002 857 1112 943; x_wconf 74' lang='lat' dir='ltr'><strong>facere</strong></span> <span class='ocrx_word' id='word_1_56' title='bbox 1133 858 1266 923; x_wconf 87' lang='lat' dir='ltr'><strong>noluisse</strong></span> 
     </span>
     <span class='ocr_line' id='line_1_8' title="bbox 131 953 1263 1051; baseline 0.006 -19"><span class='ocrx_word' id='word_1_57' title='bbox 131 968 275 1033; x_wconf 84' lang='lat' dir='ltr'><strong>censendi</strong></span> <span class='ocrx_word' id='word_1_58' title='bbox 298 969 379 1046; x_wconf 88' lang='lat' dir='ltr'><strong>sint,</strong></span> <span class='ocrx_word' id='word_1_59' title='bbox 404 981 438 1035; x_wconf 79' lang='lat' dir='ltr'><strong>ct</strong></span> <span class='ocrx_word' id='word_1_60' title='bbox 459 971 539 1035; x_wconf 73' lang='lat' dir='ltr'><strong>borsa</strong></span> <span class='ocrx_word' id='word_1_61' title='bbox 561 973 634 1037; x_wconf 82' lang='lat' dir='ltr'><strong>inde</strong></span> <span class='ocrx_word' id='word_1_62' title='bbox 664 953 850 1036; x_wconf 62' lang='lat' dir='ltr'><strong>arietarent.</strong></span> <span class='ocrx_word' id='word_1_63' title='bbox 899 969 986 1042; x_wconf 83' lang='lat' dir='ltr'><strong>Qnae</strong></span> <span class='ocrx_word' id='word_1_64' title='bbox 1016 993 1085 1038; x_wconf 87' lang='lat' dir='ltr'><strong>cum</strong></span> <span class='ocrx_word' id='word_1_65' title='bbox 1113 971 1158 1039; x_wconf 85' lang='lat' dir='ltr'><strong>ite</strong></span> <span class='ocrx_word' id='word_1_66' title='bbox 1180 974 1263 1051; x_wconf 83' lang='lat' dir='ltr'><strong>sint,</strong></span> 
     </span>
     <span class='ocr_line' id='line_1_9' title="bbox 128 1081 1266 1170; baseline 0.004 -24"><span class='ocrx_word' id='word_1_67' title='bbox 128 1081 213 1149; x_wconf 87' lang='lat' dir='ltr'><strong>nulla</strong></span> <span class='ocrx_word' id='word_1_68' title='bbox 236 1083 370 1151; x_wconf 80' lang='lat' dir='ltr'><strong>fallacior</strong></span> <span class='ocrx_word' id='word_1_69' title='bbox 391 1084 467 1170; x_wconf 78' lang='lat' dir='ltr'><strong>fingi</strong></span> <span class='ocrx_word' id='word_1_70' title='bbox 489 1089 589 1170; x_wconf 85' lang='lat' dir='ltr'><strong>potest</strong></span> <span class='ocrx_word' id='word_1_71' title='bbox 611 1106 700 1169; x_wconf 83' lang='lat' dir='ltr'><strong>quam</strong></span> <span class='ocrx_word' id='word_1_72' title='bbox 724 1085 817 1165; x_wconf 89' lang='lat' dir='ltr'><strong>haec,</strong></span> <span class='ocrx_word' id='word_1_73' title='bbox 845 1104 921 1169; x_wconf 88' lang='lat' dir='ltr'><strong>quae</strong></span> <span class='ocrx_word' id='word_1_74' title='bbox 943 1084 1048 1151; x_wconf 88' lang='lat' dir='ltr'><strong>moltis</strong></span> <span class='ocrx_word' id='word_1_75' title='bbox 1069 1085 1146 1150; x_wconf 87' lang='lat' dir='ltr'><strong>mire</strong></span> <span class='ocrx_word' id='word_1_76' title='bbox 1168 1086 1266 1170; x_wconf 89' lang='lat' dir='ltr'><strong>placet</strong></span> 
     </span>
     <span class='ocr_line' id='line_1_10' title="bbox 127 1196 1265 1284; baseline 0.002 -21"><span class='ocrx_word' id='word_1_77' title='bbox 127 1196 324 1282; x_wconf 84' lang='lat' dir='ltr'><strong>aequalibus,</strong></span> <span class='ocrx_word' id='word_1_78' title='bbox 350 1199 633 1284; x_wconf 78' lang='lat' dir='ltr'><strong>argumentatione</strong></span> <span class='ocrx_word' id='word_1_79' title='bbox 655 1202 883 1284; x_wconf 75' lang='lat' dir='ltr'><strong>consequentia:</strong></span> <span class='ocrx_word' id='word_1_80' title='bbox 910 1198 1003 1265; x_wconf 79' lang='lat' dir='ltr'><strong>»Hoc</strong></span> <span class='ocrx_word' id='word_1_81' title='bbox 1025 1198 1140 1268; x_wconf 79' lang='lat' dir='ltr'><strong>illudve</strong></span> <span class='ocrx_word' id='word_1_82' title='bbox 1163 1201 1265 1265; x_wconf 86' lang='lat' dir='ltr'><strong>consi·</strong></span> 
     </span>
     <span class='ocr_line' id='line_1_11' title="bbox 123 1308 1264 1399; baseline 0.003 -24"><span class='ocrx_word' id='word_1_83' title='bbox 123 1308 228 1388; x_wconf 72' lang='lat' dir='ltr'><strong>dum,</strong></span> <span class='ocrx_word' id='word_1_84' title='bbox 252 1331 321 1377; x_wconf 89' lang='lat' dir='ltr'><strong>enm</strong></span> <span class='ocrx_word' id='word_1_85' title='bbox 350 1311 484 1377; x_wconf 84' lang='lat' dir='ltr'><strong>Jehovae</strong></span> <span class='ocrx_word' id='word_1_86' title='bbox 506 1312 625 1380; x_wconf 90' lang='lat' dir='ltr'><strong>colendi</strong></span> <span class='ocrx_word' id='word_1_87' title='bbox 648 1313 749 1379; x_wconf 89' lang='lat' dir='ltr'><strong>officio</strong></span> <span class='ocrx_word' id='word_1_88' title='bbox 771 1334 806 1377; x_wconf 85' lang='lat' dir='ltr'><strong>uc</strong></span> <span class='ocrx_word' id='word_1_89' title='bbox 828 1333 898 1377; x_wconf 87' lang='lat' dir='ltr'><strong>cum</strong></span> <span class='ocrx_word' id='word_1_90' title='bbox 920 1312 1120 1399; x_wconf 75' lang='lat' dir='ltr'><strong>legislationis</strong></span> <span class='ocrx_word' id='word_1_91' title='bbox 1142 1311 1264 1379; x_wconf 83' lang='lat' dir='ltr'><strong>Morere</strong></span> 
     </span>
     <span class='ocr_line' id='line_1_12' title="bbox 124 1423 1265 1513; baseline 0.007 -26"><span class='ocrx_word' id='word_1_92' title='bbox 124 1424 257 1508; x_wconf 87' lang='lat' dir='ltr'><strong>ejusque</strong></span> <span class='ocrx_word' id='word_1_93' title='bbox 279 1423 500 1502; x_wconf 82' lang='lat' dir='ltr'><strong>Ministrornm</strong></span> <span class='ocrx_word' id='word_1_94' title='bbox 514 1425 629 1492; x_wconf 91' lang='lat' dir='ltr'><strong>honore</strong></span> <span class='ocrx_word' id='word_1_95' title='bbox 652 1427 848 1511; x_wconf 86' lang='lat' dir='ltr'><strong>conjunctum</strong></span> <span class='ocrx_word' id='word_1_96' title='bbox 864 1428 1016 1513; x_wconf 87' lang='lat' dir='ltr'><strong>persecuti</strong></span> <span class='ocrx_word' id='word_1_97' title='bbox 1037 1449 1103 1503; x_wconf 80' lang='lat' dir='ltr'><strong>esse</strong></span> <span class='ocrx_word' id='word_1_98' title='bbox 1122 1428 1265 1495; x_wconf 85' lang='lat' dir='ltr'><strong>videntur</strong></span> 
     </span>
     <span class='ocr_line' id='line_1_13' title="bbox 121 1537 1264 1627; baseline 0.002 -23"><span class='ocrx_word' id='word_1_99' title='bbox 121 1537 281 1604; x_wconf 87' lang='lat' dir='ltr'><strong>Historici</strong></span> <span class='ocrx_word' id='word_1_100' title='bbox 303 1539 392 1604; x_wconf 84' lang='lat' dir='ltr'><strong>sacri.</strong></span> <span class='ocrx_word' id='word_1_101' title='bbox 439 1540 529 1624; x_wconf 68' lang='lat' dir='ltr'><strong>Brun</strong></span> <span class='ocrx_word' id='word_1_102' title='bbox 550 1541 590 1605; x_wconf 88' lang='lat' dir='ltr'><strong>iis</strong></span> <span class='ocrx_word' id='word_1_103' title='bbox 612 1547 695 1607; x_wconf 87' lang='lat' dir='ltr'><strong>certe</strong></span> <span class='ocrx_word' id='word_1_104' title='bbox 717 1540 860 1615; x_wconf 80' lang='lat' dir='ltr'><strong>historiae</strong></span> <span class='ocrx_word' id='word_1_105' title='bbox 879 1541 971 1621; x_wconf 83' lang='lat' dir='ltr'><strong>locis,</strong></span> <span class='ocrx_word' id='word_1_106' title='bbox 994 1540 1106 1627; x_wconf 88' lang='lat' dir='ltr'><strong>quibus</strong></span> <span class='ocrx_word' id='word_1_107' title='bbox 1121 1541 1194 1607; x_wconf 86' lang='lat' dir='ltr'><strong>haec</strong></span> <span class='ocrx_word' id='word_1_108' title='bbox 1212 1563 1264 1606; x_wconf 90' lang='lat' dir='ltr'><strong>eos</strong></span> 
     </span>
     <span class='ocr_line' id='line_1_14' title="bbox 122 1655 1264 1741; baseline 0.003 -23"><span class='ocrx_word' id='word_1_109' title='bbox 122 1656 280 1737; x_wconf 76' lang='lat' dir='ltr'><strong>specttsse</strong></span> <span class='ocrx_word' id='word_1_110' title='bbox 303 1655 448 1739; x_wconf 85' lang='lat' dir='ltr'><strong>suspicari</strong></span> <span class='ocrx_word' id='word_1_111' title='bbox 470 1655 555 1737; x_wconf 84' lang='lat' dir='ltr'><strong>licet,</strong></span> <span class='ocrx_word' id='word_1_112' title='bbox 573 1677 695 1723; x_wconf 82' lang='lat' dir='ltr'><strong>veraces</strong></span> <span class='ocrx_word' id='word_1_113' title='bbox 717 1655 846 1722; x_wconf 88' lang='lat' dir='ltr'><strong>habendi</strong></span> <span class='ocrx_word' id='word_1_114' title='bbox 870 1678 932 1723; x_wconf 90' lang='lat' dir='ltr'><strong>non</strong></span> <span class='ocrx_word' id='word_1_115' title='bbox 955 1662 1027 1722; x_wconf 88' lang='lat' dir='ltr'><strong>sunt</strong></span> <span class='ocrx_word' id='word_1_116' title='bbox 1049 1679 1107 1723; x_wconf 91' lang='lat' dir='ltr'><strong>nec</strong></span> <span class='ocrx_word' id='word_1_117' title='bbox 1120 1657 1179 1723; x_wconf 88' lang='lat' dir='ltr'><strong>fide</strong></span> <span class='ocrx_word' id='word_1_118' title='bbox 1195 1657 1264 1741; x_wconf 86' lang='lat' dir='ltr'><strong>dig·</strong></span> 
     </span>
     <span class='ocr_line' id='line_1_15' title="bbox 122 1765 1262 1856; baseline 0.003 -23"><span class='ocrx_word' id='word_1_119' title='bbox 122 1765 200 1833; x_wconf 82' lang='lat' dir='ltr'><strong>ni.&#39;’</strong></span> <span class='ocrx_word' id='word_1_120' title='bbox 246 1768 334 1841; x_wconf 81' lang='lat' dir='ltr'><strong>Quae</strong></span> <span class='ocrx_word' id='word_1_121' title='bbox 355 1775 455 1835; x_wconf 87' lang='lat' dir='ltr'><strong>tamen</strong></span> <span class='ocrx_word' id='word_1_122' title='bbox 477 1792 538 1836; x_wconf 90' lang='lat' dir='ltr'><strong>non</strong></span> <span class='ocrx_word' id='word_1_123' title='bbox 561 1770 703 1839; x_wconf 79' lang='lat' dir='ltr'><strong>adversus</strong></span> <span class='ocrx_word' id='word_1_124' title='bbox 724 1771 919 1837; x_wconf 76' lang='lat' dir='ltr'><strong>Theninm</strong></span> <span class='ocrx_word' id='word_1_125' title='bbox 943 1771 1085 1856; x_wconf 84' lang='lat' dir='ltr'><strong>disputo,</strong></span> <span class='ocrx_word' id='word_1_126' title='bbox 1118 1771 1262 1837; x_wconf 88' lang='lat' dir='ltr'><strong>historiae</strong></span> 
     </span>
     <span class='ocr_line' id='line_1_16' title="bbox 123 1884 1260 1973; baseline 0.003 -25"><span class='ocrx_word' id='word_1_127' title='bbox 123 1904 230 1951; x_wconf 72' lang='lat' dir='ltr'><strong>morae</strong></span> <span class='ocrx_word' id='word_1_128' title='bbox 252 1884 342 1954; x_wconf 89' lang='lat' dir='ltr'><strong>fidem</strong></span> <span class='ocrx_word' id='word_1_129' title='bbox 364 1886 455 1973; x_wconf 85' lang='lat' dir='ltr'><strong>longe</strong></span> <span class='ocrx_word' id='word_1_130' title='bbox 477 1888 595 1972; x_wconf 87' lang='lat' dir='ltr'><strong>saepius</strong></span> <span class='ocrx_word' id='word_1_131' title='bbox 616 1893 769 1963; x_wconf 81' lang='lat' dir='ltr'><strong>tuentum,</strong></span> <span class='ocrx_word' id='word_1_132' title='bbox 791 1908 880 1972; x_wconf 90' lang='lat' dir='ltr'><strong>qnam</strong></span> <span class='ocrx_word' id='word_1_133' title='bbox 894 1886 929 1951; x_wconf 89' lang='lat' dir='ltr'><strong>in</strong></span> <span class='ocrx_word' id='word_1_134' title='bbox 948 1885 1074 1952; x_wconf 87' lang='lat' dir='ltr'><strong>dubium</strong></span> <span class='ocrx_word' id='word_1_135' title='bbox 1089 1891 1260 1965; x_wconf 83' lang='lat' dir='ltr'><strong>vocantem,</strong></span> 
     </span>
     <span class='ocr_line' id='line_1_17' title="bbox 122 1999 1261 2087; baseline 0.004 -24"><span class='ocrx_word' id='word_1_136' title='bbox 122 1999 180 2063; x_wconf 86' lang='lat' dir='ltr'><strong>sed</strong></span> <span class='ocrx_word' id='word_1_137' title='bbox 204 1999 349 2066; x_wconf 80' lang='lat' dir='ltr'><strong>adversus</strong></span> <span class='ocrx_word' id='word_1_138' title='bbox 377 2003 564 2086; x_wconf 85' lang='lat' dir='ltr'><strong>enepotius,</strong></span> <span class='ocrx_word' id='word_1_139' title='bbox 589 2023 718 2087; x_wconf 88' lang='lat' dir='ltr'><strong>quorum</strong></span> <span class='ocrx_word' id='word_1_140' title='bbox 741 2001 866 2067; x_wconf 88' lang='lat' dir='ltr'><strong>callidae</strong></span> <span class='ocrx_word' id='word_1_141' title='bbox 887 2020 976 2065; x_wconf 80' lang='lat' dir='ltr'><strong>voces</strong></span> <span class='ocrx_word' id='word_1_142' title='bbox 1006 2001 1121 2067; x_wconf 89' lang='lat' dir='ltr'><strong>nollem</strong></span> <span class='ocrx_word' id='word_1_143' title='bbox 1145 2000 1261 2067; x_wconf 80' lang='lat' dir='ltr'><strong>sollerti</strong></span> 
     </span>
     <span class='ocr_line' id='line_1_18' title="bbox 124 2111 1261 2199; baseline 0.004 -23"><span class='ocrx_word' id='word_1_144' title='bbox 124 2111 212 2178; x_wconf 89' lang='lat' dir='ltr'><strong>illius</strong></span> <span class='ocrx_word' id='word_1_145' title='bbox 234 2113 361 2199; x_wconf 83' lang='lat' dir='ltr'><strong>ingenio</strong></span> <span class='ocrx_word' id='word_1_146' title='bbox 382 2114 507 2181; x_wconf 87' lang='lat' dir='ltr'><strong>nebulas</strong></span> <span class='ocrx_word' id='word_1_147' title='bbox 529 2115 657 2181; x_wconf 86' lang='lat' dir='ltr'><strong>subinde</strong></span> <span class='ocrx_word' id='word_1_148' title='bbox 679 2115 867 2183; x_wconf 84' lang='lat' dir='ltr'><strong>ofltrdisssnt.</strong></span> <span class='ocrx_word' id='word_1_149' title='bbox 891 2152 936 2165; x_wconf 94' lang='lat'>-</span> <span class='ocrx_word' id='word_1_150' title='bbox 959 2115 1061 2181; x_wconf 88' lang='lat' dir='ltr'><strong>Dictis</strong></span> <span class='ocrx_word' id='word_1_151' title='bbox 1084 2114 1142 2180; x_wconf 88' lang='lat' dir='ltr'><strong>hoe</strong></span> <span class='ocrx_word' id='word_1_152' title='bbox 1162 2135 1261 2181; x_wconf 87' lang='lat' dir='ltr'><strong>unum</strong></span> 
     </span>
     <span class='ocr_line' id='line_1_19' title="bbox 126 2225 1259 2314; baseline 0.002 -23"><span class='ocrx_word' id='word_1_153' title='bbox 126 2225 300 2293; x_wconf 75' lang='lat' dir='ltr'><strong>addendum</strong></span> <span class='ocrx_word' id='word_1_154' title='bbox 323 2229 456 2296; x_wconf 82' lang='lat' dir='ltr'><strong>videtur.</strong></span> <span class='ocrx_word' id='word_1_155' title='bbox 504 2229 595 2304; x_wconf 83' lang='lat' dir='ltr'><strong>Quod</strong></span> <span class='ocrx_word' id='word_1_156' title='bbox 622 2227 771 2297; x_wconf 74' lang='lat' dir='ltr'><strong>Chronico</strong></span> <span class='ocrx_word' id='word_1_157' title='bbox 794 2231 908 2295; x_wconf 89' lang='lat' dir='ltr'><strong>crimen</strong></span> <span class='ocrx_word' id='word_1_158' title='bbox 930 2227 1084 2314; x_wconf 86' lang='lat' dir='ltr'><strong>objecerat</strong></span> <span class='ocrx_word' id='word_1_159' title='bbox 1105 2229 1259 2307; x_wconf 71' lang='lat' dir='ltr'><strong>criticus,</strong></span> 
     </span>
     <span class='ocr_line' id='line_1_20' title="bbox 125 2340 1261 2430; baseline 0 -24"><span class='ocrx_word' id='word_1_160' title='bbox 125 2340 172 2406; x_wconf 87' lang='lat' dir='ltr'><strong>sic</strong></span> <span class='ocrx_word' id='word_1_161' title='bbox 194 2341 414 2425; x_wconf 88' lang='lat' dir='ltr'><strong>quodammodo</strong></span> <span class='ocrx_word' id='word_1_162' title='bbox 436 2344 468 2408; x_wconf 94' lang='lat' dir='ltr'><strong>id</strong></span> <span class='ocrx_word' id='word_1_163' title='bbox 491 2343 548 2410; x_wconf 91' lang='lat' dir='ltr'><strong>sibi</strong></span> <span class='ocrx_word' id='word_1_164' title='bbox 572 2343 775 2430; x_wconf 87' lang='lat' dir='ltr'><strong>mitigandum</strong></span> <span class='ocrx_word' id='word_1_165' title='bbox 797 2347 896 2428; x_wconf 83' lang='lat' dir='ltr'><strong>putet,</strong></span> <span class='ocrx_word' id='word_1_166' title='bbox 920 2346 955 2407; x_wconf 87' lang='lat' dir='ltr'><strong>ut</strong></span> <span class='ocrx_word' id='word_1_167' title='bbox 974 2341 1079 2407; x_wconf 88' lang='lat' dir='ltr'><strong>multis</strong></span> <span class='ocrx_word' id='word_1_168' title='bbox 1096 2363 1164 2409; x_wconf 89' lang='lat' dir='ltr'><strong>enm</strong></span> <span class='ocrx_word' id='word_1_169' title='bbox 1185 2341 1261 2407; x_wconf 89' lang='lat' dir='ltr'><strong>locis</strong></span> 
     </span>
     <span class='ocr_line' id='line_1_21' title="bbox 126 2451 1260 2541; baseline 0 -22"><span class='ocrx_word' id='word_1_170' title='bbox 126 2451 208 2519; x_wconf 84' lang='lat' dir='ltr'><strong>bone</strong></span> <span class='ocrx_word' id='word_1_171' title='bbox 230 2453 290 2518; x_wconf 85' lang='lat' dir='ltr'><strong>fide</strong></span> <span class='ocrx_word' id='word_1_172' title='bbox 319 2455 419 2540; x_wconf 82' lang='lat' dir='ltr'><strong>egisse</strong></span> <span class='ocrx_word' id='word_1_173' title='bbox 448 2456 552 2536; x_wconf 89' lang='lat' dir='ltr'><strong>dicat,</strong></span> <span class='ocrx_word' id='word_1_174' title='bbox 576 2456 709 2541; x_wconf 87' lang='lat' dir='ltr'><strong>quando,</strong></span> <span class='ocrx_word' id='word_1_175' title='bbox 733 2455 829 2540; x_wconf 84' lang='lat' dir='ltr'><strong>ipsius</strong></span> <span class='ocrx_word' id='word_1_176' title='bbox 847 2455 910 2539; x_wconf 82' lang='lat' dir='ltr'><strong>jam</strong></span> <span class='ocrx_word' id='word_1_177' title='bbox 930 2460 1045 2533; x_wconf 86' lang='lat' dir='ltr'><strong>aetate,</strong></span> <span class='ocrx_word' id='word_1_178' title='bbox 1068 2455 1101 2521; x_wconf 89' lang='lat' dir='ltr'><strong>in</strong></span> <span class='ocrx_word' id='word_1_179' title='bbox 1122 2453 1260 2539; x_wconf 78' lang='lat' dir='ltr'><strong>pluribus</strong></span> 
     </span>
     <span class='ocr_line' id='line_1_22' title="bbox 127 2565 1261 2655; baseline -0.001 -22"><span class='ocrx_word' id='word_1_180' title='bbox 127 2565 271 2633; x_wconf 87' lang='lat' dir='ltr'><strong>historiae</strong></span> <span class='ocrx_word' id='word_1_181' title='bbox 283 2568 432 2652; x_wconf 87' lang='lat' dir='ltr'><strong>capitibus</strong></span> <span class='ocrx_word' id='word_1_182' title='bbox 443 2570 515 2635; x_wconf 81' lang='lat' dir='ltr'><strong>terri</strong></span> <span class='ocrx_word' id='word_1_183' title='bbox 525 2569 669 2655; x_wconf 88' lang='lat' dir='ltr'><strong>quaedam</strong></span> <span class='ocrx_word' id='word_1_184' title='bbox 680 2570 835 2654; x_wconf 86' lang='lat' dir='ltr'><strong>inceperat</strong></span> <span class='ocrx_word' id='word_1_185' title='bbox 845 2570 972 2634; x_wconf 78' lang='lat' dir='ltr'><strong>traditio</strong></span> <span class='ocrx_word' id='word_1_186' title='bbox 984 2568 1053 2655; x_wconf 81' lang='lat'>(2);</span> <span class='ocrx_word' id='word_1_187' title='bbox 1076 2590 1152 2653; x_wconf 87' lang='lat' dir='ltr'><strong>quae</strong></span> <span class='ocrx_word' id='word_1_188' title='bbox 1163 2569 1261 2655; x_wconf 86' lang='lat' dir='ltr'><strong>igitur</strong></span> 
     </span>
     <span class='ocr_line' id='line_1_23' title="bbox 127 2680 1259 2769; baseline 0 -22"><span class='ocrx_word' id='word_1_189' title='bbox 127 2680 327 2765; x_wconf 80' lang='lat' dir='ltr'><strong>imprudentis</strong></span> <span class='ocrx_word' id='word_1_190' title='bbox 345 2682 428 2755; x_wconf 84' lang='lat' dir='ltr'><strong>illius</strong></span> <span class='ocrx_word' id='word_1_191' title='bbox 448 2685 598 2769; x_wconf 80' lang='lat' dir='ltr'><strong>pepererit</strong></span> <span class='ocrx_word' id='word_1_192' title='bbox 623 2684 780 2768; x_wconf 85' lang='lat' dir='ltr'><strong>scriptoris</strong></span> <span class='ocrx_word' id='word_1_193' title='bbox 802 2703 929 2748; x_wconf 87' lang='lat' dir='ltr'><strong>errores.</strong></span> <span class='ocrx_word' id='word_1_194' title='bbox 977 2681 1094 2749; x_wconf 88' lang='lat' dir='ltr'><strong>Verum</strong></span> <span class='ocrx_word' id='word_1_195' title='bbox 1118 2683 1209 2761; x_wconf 89' lang='lat' dir='ltr'><strong>haec,</strong></span> <span class='ocrx_word' id='word_1_196' title='bbox 1232 2684 1259 2748; x_wconf 90' lang='lat' dir='ltr'><strong>si</strong></span> 
     </span>
     <span class='ocr_line' id='line_1_24' title="bbox 127 2795 1261 2883; baseline -0.004 -16"><span class='ocrx_word' id='word_1_197' title='bbox 127 2795 202 2878; x_wconf 80' lang='lat' dir='ltr'><strong>qnid</strong></span> <span class='ocrx_word' id='word_1_198' title='bbox 225 2796 331 2876; x_wconf 83' lang='lat' dir='ltr'><strong>rideo,</strong></span> <span class='ocrx_word' id='word_1_199' title='bbox 361 2795 427 2864; x_wconf 85' lang='lat' dir='ltr'><strong>lans</strong></span> <span class='ocrx_word' id='word_1_200' title='bbox 449 2804 513 2875; x_wconf 83' lang='lat' dir='ltr'><strong>est,</strong></span> <span class='ocrx_word' id='word_1_201' title='bbox 546 2820 635 2883; x_wconf 87' lang='lat' dir='ltr'><strong>quam</strong></span> <span class='ocrx_word' id='word_1_202' title='bbox 659 2797 762 2863; x_wconf 83' lang='lat' dir='ltr'><strong>nullus</strong></span> <span class='ocrx_word' id='word_1_203' title='bbox 782 2819 845 2863; x_wconf 90' lang='lat' dir='ltr'><strong>non</strong></span> <span class='ocrx_word' id='word_1_204' title='bbox 867 2797 1046 2883; x_wconf 88' lang='lat' dir='ltr'><strong>deprecetur</strong></span> <span class='ocrx_word' id='word_1_205' title='bbox 1076 2797 1261 2864; x_wconf 80' lang='lat' dir='ltr'><strong>candidioris</strong></span> 
     </span>
     <span class='ocr_line' id='line_1_25' title="bbox 128 2907 1260 3000; baseline 0.004 -27"><span class='ocrx_word' id='word_1_206' title='bbox 128 2907 238 2975; x_wconf 89' lang='lat' dir='ltr'><strong>indolis</strong></span> <span class='ocrx_word' id='word_1_207' title='bbox 268 2909 456 2983; x_wconf 86' lang='lat' dir='ltr'><strong>Historicus.</strong></span> <span class='ocrx_word' id='word_1_208' title='bbox 505 2911 613 2979; x_wconf 72' lang='lat' dir='ltr'><strong>Matris</strong></span> <span class='ocrx_word' id='word_1_209' title='bbox 642 2913 724 3000; x_wconf 83' lang='lat' dir='ltr'><strong>enim</strong></span> <span class='ocrx_word' id='word_1_210' title='bbox 746 2913 818 2983; x_wconf 81' lang='lat' dir='ltr'><strong>loeis</strong></span> <span class='ocrx_word' id='word_1_211' title='bbox 840 2912 868 2976; x_wconf 88' lang='lat' dir='ltr'><strong>si</strong></span> <span class='ocrx_word' id='word_1_212' title='bbox 891 2909 972 2977; x_wconf 82' lang='lat' dir='ltr'><strong>bone</strong></span> <span class='ocrx_word' id='word_1_213' title='bbox 993 2911 1053 2976; x_wconf 90' lang='lat' dir='ltr'><strong>fide</strong></span> <span class='ocrx_word' id='word_1_214' title='bbox 1077 2912 1160 2996; x_wconf 69' lang='lat' dir='ltr'><strong>egitr</strong></span> <span class='ocrx_word' id='word_1_215' title='bbox 1192 2911 1260 2977; x_wconf 87' lang='lat' dir='ltr'><strong>aliis</strong></span> 
     </span>
     <span class='ocr_line' id='line_1_26' title="bbox 129 3023 1258 3110; baseline 0.003 -23"><span class='ocrx_word' id='word_1_216' title='bbox 129 3023 277 3089; x_wconf 92' lang='lat' dir='ltr'><strong>nonitem</strong></span> <span class='ocrx_word' id='word_1_217' title='bbox 293 3025 487 3091; x_wconf 83' lang='lat' dir='ltr'><strong>confecisse</strong></span> <span class='ocrx_word' id='word_1_218' title='bbox 504 3027 654 3110; x_wconf 84' lang='lat' dir='ltr'><strong>requitur.</strong></span> <span class='ocrx_word' id='word_1_219' title='bbox 680 3026 831 3091; x_wconf 86' lang='lat' dir='ltr'><strong>Incertam</strong></span> <span class='ocrx_word' id='word_1_220' title='bbox 854 3026 880 3088; x_wconf 89' lang='lat' dir='ltr'><strong>si</strong></span> <span class='ocrx_word' id='word_1_221' title='bbox 899 3046 961 3090; x_wconf 89' lang='lat' dir='ltr'><strong>non</strong></span> <span class='ocrx_word' id='word_1_222' title='bbox 973 3046 1042 3091; x_wconf 88' lang='lat' dir='ltr'><strong>raro</strong></span> <span class='ocrx_word' id='word_1_223' title='bbox 1064 3031 1189 3091; x_wconf 86' lang='lat' dir='ltr'><strong>secutus</strong></span> <span class='ocrx_word' id='word_1_224' title='bbox 1210 3032 1258 3090; x_wconf 84' lang='lat' dir='ltr'><strong>cst</strong></span> 
     </span>
     <span class='ocr_line' id='line_1_27' title="bbox 128 3113 1257 3225; baseline 0 -20"><span class='ocrx_word' id='word_1_225' title='bbox 128 3113 339 3214; x_wconf 77' lang='lat' dir='ltr'><strong>traditionem,</strong></span> <span class='ocrx_word' id='word_1_226' title='bbox 372 3144 485 3205; x_wconf 86' lang='lat' dir='ltr'><strong>temere</strong></span> <span class='ocrx_word' id='word_1_227' title='bbox 507 3145 599 3225; x_wconf 82' lang='lat' dir='ltr'><strong>atque</strong></span> <span class='ocrx_word' id='word_1_228' title='bbox 619 3139 839 3207; x_wconf 86' lang='lat' dir='ltr'><strong>inconsiderate</strong></span> <span class='ocrx_word' id='word_1_229' title='bbox 865 3139 1020 3223; x_wconf 85' lang='lat' dir='ltr'><strong>scripserit</strong></span> <span class='ocrx_word' id='word_1_230' title='bbox 1041 3161 1163 3205; x_wconf 84' lang='lat' dir='ltr'><strong>necesse</strong></span> <span class='ocrx_word' id='word_1_231' title='bbox 1189 3143 1257 3215; x_wconf 88' lang='lat' dir='ltr'><strong>est,</strong></span> 
     </span>
     <span class='ocr_line' id='line_1_28' title="bbox 130 3251 1260 3339; baseline 0.002 -24"><span class='ocrx_word' id='word_1_232' title='bbox 130 3256 160 3316; x_wconf 89' lang='lat' dir='ltr'><strong>et</strong></span> <span class='ocrx_word' id='word_1_233' title='bbox 178 3251 252 3317; x_wconf 93' lang='lat' dir='ltr'><strong>boni</strong></span> <span class='ocrx_word' id='word_1_234' title='bbox 267 3252 416 3319; x_wconf 84' lang='lat' dir='ltr'><strong>Historici</strong></span> <span class='ocrx_word' id='word_1_235' title='bbox 433 3255 551 3320; x_wconf 88' lang='lat' dir='ltr'><strong>muneri</strong></span> <span class='ocrx_word' id='word_1_236' title='bbox 564 3259 654 3339; x_wconf 88' lang='lat' dir='ltr'><strong>atque</strong></span> <span class='ocrx_word' id='word_1_237' title='bbox 670 3254 769 3318; x_wconf 88' lang='lat' dir='ltr'><strong>officio</strong></span> <span class='ocrx_word' id='word_1_238' title='bbox 784 3253 915 3337; x_wconf 88' lang='lat' dir='ltr'><strong>turpiter</strong></span> <span class='ocrx_word' id='word_1_239' title='bbox 931 3252 1074 3317; x_wconf 83' lang='lat' dir='ltr'><strong>defuerit.</strong></span> <span class='ocrx_word' id='word_1_240' title='bbox 1109 3252 1169 3316; x_wconf 81' lang='lat' dir='ltr'><strong>Sed</strong></span> <span class='ocrx_word' id='word_1_241' title='bbox 1185 3251 1260 3317; x_wconf 89' lang='lat' dir='ltr'><strong>haec</strong></span> 
     </span>
     <span class='ocr_line' id='line_1_29' title="bbox 129 3365 1259 3453; baseline 0.003 -23"><span class='ocrx_word' id='word_1_242' title='bbox 129 3385 207 3433; x_wconf 88' lang='lat' dir='ltr'><strong>nnnc</strong></span> <span class='ocrx_word' id='word_1_243' title='bbox 228 3367 353 3453; x_wconf 88' lang='lat' dir='ltr'><strong>quidem</strong></span> <span class='ocrx_word' id='word_1_244' title='bbox 374 3368 412 3433; x_wconf 90' lang='lat' dir='ltr'><strong>de</strong></span> <span class='ocrx_word' id='word_1_245' title='bbox 433 3368 542 3435; x_wconf 89' lang='lat' dir='ltr'><strong>horum</strong></span> <span class='ocrx_word' id='word_1_246' title='bbox 564 3365 690 3439; x_wconf 81' lang='lat' dir='ltr'><strong>Codicis</strong></span> <span class='ocrx_word' id='word_1_247' title='bbox 704 3366 788 3435; x_wconf 78' lang='lat' dir='ltr'><strong>Sacri</strong></span> <span class='ocrx_word' id='word_1_248' title='bbox 806 3365 954 3433; x_wconf 88' lang='lat' dir='ltr'><strong>librorum</strong></span> <span class='ocrx_word' id='word_1_249' title='bbox 969 3366 1029 3432; x_wconf 88' lang='lat' dir='ltr'><strong>fide</strong></span> <span class='ocrx_word' id='word_1_250' title='bbox 1044 3386 1079 3429; x_wconf 88' lang='lat' dir='ltr'><strong>ao</strong></span> <span class='ocrx_word' id='word_1_251' title='bbox 1093 3365 1259 3439; x_wconf 62' lang='lat' dir='ltr'><strong>veradmte</strong></span> 
     </span>
     <span class='ocr_line' id='line_1_30' title="bbox 132 3478 387 3549; baseline 0.02 -4"><span class='ocrx_word' id='word_1_252' title='bbox 132 3478 206 3549; x_wconf 88' lang='lat' dir='ltr'><strong>dicta</strong></span> <span class='ocrx_word' id='word_1_253' title='bbox 227 3482 387 3549; x_wconf 84' lang='lat' dir='ltr'><strong>sufficiant</strong></span> 
     </span>
    </p>
   </div>
   <div class='ocr_carea' id='block_1_3' title="bbox 169 3706 1256 3797">
    <p class='ocr_par' dir='ltr' id='par_1_3' title="bbox 169 3706 1256 3797">
     <span class='ocr_line' id='line_1_31' title="bbox 169 3706 1256 3797; baseline 0.004 -27"><span class='ocrx_word' id='word_1_254' title='bbox 169 3706 207 3771; x_wconf 90' lang='lat' dir='ltr'><strong>In</strong></span> <span class='ocrx_word' id='word_1_255' title='bbox 230 3706 361 3773; x_wconf 86' lang='lat' dir='ltr'><strong>Critices</strong></span> <span class='ocrx_word' id='word_1_256' title='bbox 382 3713 472 3793; x_wconf 86' lang='lat' dir='ltr'><strong>atque</strong></span> <span class='ocrx_word' id='word_1_257' title='bbox 487 3708 667 3797; x_wconf 69' lang='lat' dir='ltr'><strong>megetiae</strong></span> <span class='ocrx_word' id='word_1_258' title='bbox 678 3708 822 3777; x_wconf 88' lang='lat' dir='ltr'><strong>subsidiis</strong></span> <span class='ocrx_word' id='word_1_259' title='bbox 844 3708 1047 3791; x_wconf 85' lang='lat' dir='ltr'><strong>recensendis,</strong></span> <span class='ocrx_word' id='word_1_260' title='bbox 1070 3729 1147 3792; x_wconf 85' lang='lat' dir='ltr'><strong>quae</strong></span> <span class='ocrx_word' id='word_1_261' title='bbox 1164 3707 1256 3776; x_wconf 89' lang='lat' dir='ltr'><strong>libro·</strong></span> 
     </span>
    </p>
   </div>
   <div class='ocr_carea' id='block_1_4' title="bbox 142 3876 277 3889">
    <p class='ocr_par' dir='ltr' id='par_1_4' title="bbox 142 3876 277 3889">
     <span class='ocr_line' id='line_1_32' title="bbox 142 3876 277 3889; baseline 0.015 -2"><span class='ocrx_word' id='word_1_262' title='bbox 142 3876 277 3889; x_wconf 55' lang='grc' dir='ltr'><strong>..ψ-ο...-</strong></span> 
     </span>
    </p>
   </div>
   <div class='ocr_carea' id='block_1_5' title="bbox 134 3998 1254 4253">
    <p class='ocr_par' dir='ltr' id='par_1_5' title="bbox 134 3998 1254 4253">
     <span class='ocr_line' id='line_1_33' title="bbox 174 3998 443 4050; baseline 0.011 -4"><span class='ocrx_word' id='word_1_263' title='bbox 174 4003 183 4046; x_wconf 89' lang='lat' dir='ltr'><strong>l</strong></span> <span class='ocrx_word' id='word_1_264' title='bbox 215 3998 310 4049; x_wconf 75' lang='lat' dir='ltr'><strong>Protin.</strong></span> <span class='ocrx_word' id='word_1_265' title='bbox 328 4000 399 4050; x_wconf 79' lang='lat' dir='ltr'><strong>XV:</strong></span> <span class='ocrx_word' id='word_1_266' title='bbox 419 4006 443 4050; x_wconf 82' lang='lat'><strong>2.</strong></span> 
     </span>
     <span class='ocr_line' id='line_1_34' title="bbox 161 3998 1254 4161; baseline 0.001 -19"><span class='ocrx_word' id='word_1_267' title='bbox 161 3998 196 4154; x_wconf 76' lang='lat' dir='ltr'><strong>l²i</strong></span> <span class='ocrx_word' id='word_1_268' title='bbox 215 4093 282 4155; x_wconf 81' lang='lat' dir='ltr'><strong>Peg.</strong></span> <span class='ocrx_word' id='word_1_269' title='bbox 302 4093 366 4143; x_wconf 82' lang='lat' dir='ltr'><strong>XII.</strong></span> <span class='ocrx_word' id='word_1_270' title='bbox 402 4092 468 4145; x_wconf 83' lang='lat' dir='ltr'><strong>Eine</strong></span> <span class='ocrx_word' id='word_1_271' title='bbox 484 4110 515 4143; x_wconf 81' lang='lat' dir='ltr'><strong>on</strong></span> <span class='ocrx_word' id='word_1_272' title='bbox 532 4092 634 4145; x_wconf 74' lang='lat' dir='ltr'><strong>einzelne</strong></span> <span class='ocrx_word' id='word_1_273' title='bbox 654 4092 733 4147; x_wconf 79' lang='lat' dir='ltr'><strong>Worte</strong></span> <span class='ocrx_word' id='word_1_274' title='bbox 748 4072 937 4161; x_wconf 62' lang='lat' dir='ltr'><strong>wettrem</strong></span> <span class='ocrx_word' id='word_1_275' title='bbox 960 4092 1032 4144; x_wconf 76' lang='lat' dir='ltr'><strong>Teste</strong></span> <span class='ocrx_word' id='word_1_276' title='bbox 1047 4092 1096 4144; x_wconf 78' lang='lat' dir='ltr'><strong>sici</strong></span> <span class='ocrx_word' id='word_1_277' title='bbox 1115 4090 1254 4143; x_wconf 56' lang='lat' dir='ltr'><strong>cominando</strong></span> 
     </span>
     <span class='ocr_line' id='line_1_35' title="bbox 134 4181 397 4253; baseline 0.011 -20"><span class='ocrx_word' id='word_1_278' title='bbox 134 4181 397 4253; x_wconf 73' lang='lat' dir='ltr'><strong>dasleyonpstrndr&#39;tion.</strong></span> 
     </span>
    </p>
   </div>
   <div class='ocr_carea' id='block_1_6' title="bbox 0 0 1399 4958">
    <p class='ocr_par' dir='ltr' id='par_1_6' title="bbox 0 0 1399 4958">
     <span class='ocr_line' id='line_1_36' title="bbox 0 0 1399 4958; baseline 0 0"><span class='ocrx_word' id='word_1_279' title='bbox 0 0 1399 4958; x_wconf 95' lang='lat' dir='ltr'><strong> </strong></span> 
     </span>
    </p>
   </div>
  </div>
 </body>
</html>
