2782 4958
609 114 775 158 causamn.
1217 98 1258 157 te

128 287 165 336 Me
178 286 285 351 quidem
300 288 350 337 mei
366 299 418 336 uon
435 287 563 351 poenitet,
584 285 652 350 quod
667 299 746 347 supra
760 283 875 347 prodidi,
889 282 993 344 judiciis
1011 297 1057 333 nee
1073 282 1255 333 Hirzelium

126 379 280 438 eonsuiuisse
296 379 418 439 lectores,
436 378 555 435 confido,
573 377 719 442 poenitebit.
753 375 848 426 Merito
865 381 950 424 autem
967 371 1148 433 Eualdius,
1167 388 1254 438 quam·

127 472 161 521 vis
177 469 400 522 Olshauseuio
418 472 522 532 favens,
547 485 576 520 ea
595 471 735 534 improbat,
753 483 819 533 quae
841 470 908 518 novi
921 457 987 516 libro
1005 466 1142 530 praemissi
1154 466 1255 530 praefu-

125 566 193 626 tone,
210 565 242 615 de
254 565 358 616 Veteris
374 563 532 615 Testamenti
547 564 648 613 dixerat
662 562 881 627 interpretatione,
898 554 962 624 quae
978 559 1060 609 adhue
1071 558 1146 623 plane
1159 559 1257 608 ineerta

125 659 154 708 sit
171 661 372 722 necquicquam
388 658 479 708 habeat
495 657 644 706 evidentiae.
680 653 764 715 Quam
785 651 933 718 Sceptieismi
952 651 1113 714 iernteneatiei
1129 653 1254 701 insaniam

124 749 214 798 aeriter
233 750 370 798 admodum
379 749 454 798 ‚idem
473 749 580 811 castigat
595 745 708 806 Censor,
726 745 784 805 ubi,
803 744 916 809 ejusdem
931 745 1007 809 hujus
1023 743 1152 794 Annalium
1166 743 1256 794 Partis

124 855 177 904 pag.
198 846 230 890 52
254 855 323 905 seqq.
346 844 377 891 de
402 841 542 890 Eduardi
562 841 664 892 Reuss
691 839 879 890 Commentario
907 841 997 900 refert,
1020 840 1063 903 qui
1081 839 1186 888 dieitur:
1206 837 1254 888 Die

124 932 278 983 exvulsa
300 931 394 982 Prata.
429 931 482 982 ltin
501 929 622 982 Denlemol
643 947 710 996 eaeo.
730 929 797 982 Noa
825 949 850 982 a.
875 930 969 992 Kanai,
992 948 1022 980 za
1046 929 1130 980 Eiron
1159 946 1256 980 uererer

121 1040 212 1088 eumen
227 1024 312 1089 Zunfi
326 1024 450 1087 aricien
467 1023 526 1074 den.
545 1029 617 1076 1851.
652 1023 702 1075 Hie
721 1026 804 1084 enim,
826 1025 935 1075 ridicula
953 1027 1004 1075 iere
1024 1026 1160 1090 protervit,
1180 1026 1255 1085 longe

123 1119 296 1169 vehementius
312 1119 510 1169 etiameaudem
525 1119 629 1169 ferierat
646 1119 772 1169 incudem.
808 1117 875 1169 Seite
892 1132 952 1168 vero
971 1119 1044 1169 docet
1063 1117 1169 1177 Censor,
1188 1121 1254 1181 quod

124 1227 161 1262 me
177 1227 280 1276 quoque
297 1212 403 1261 subinde
424 1218 569 1261 monentem
585 1211 722 1261 audierunt
740 1209 947 1272 commilitones,
967 1213 988 1262 si
1006 1209 1090 1261 Sacris
1107 1213 1132 1260 in
1152 1209 1254 1260 Litteris

124 1305 219 1354 ineerta
234 1305 287 1354 sint
301 1306 388 1355 omnia
404 1312 480 1368 atque
493 1304 623 1366 ambigua,
640 1318 716 1367 quam
733 1304 864 1354 celerrime
884 1305 958 1354 nobis
973 1306 1114 1355 adeundam
1133 1320 1186 1354 esse
1203 1303 1255 1354 Ro-

127 1411 202 1459 nem,
221 1399 266 1448 ubi
281 1399 356 1448 unice
373 1406 469 1448 eertam
486 1396 588 1447 illarum
604 1397 678 1446 nobis
694 1403 804 1460 praestet
821 1396 1071 1462 interpretationem,
1090 1399 1130 1449 vel
1149 1413 1256 1462 sequen·

128 1489 180 1538 dam
194 1489 280 1552 potius
300 1488 438 1552 praecipiat
453 1487 573 1537 Pontifex
593 1487 733 1537 Maximus.
767 1485 842 1549 Quod
859 1504 933 1540 omen
951 1497 1048 1540 avertat
1067 1492 1148 1540 Deus!
1170 1517 1200 1526 -—
1224 1491 1256 1540 Iit

130 1582 165 1631 vel
184 1583 220 1633 sie
237 1589 323 1631 tamen
340 1579 484 1630 &tedmarum
509 1581 606 1631 invenit
629 1579 793 1631 Reuseius
811 1580 949 1634 Censorem
972 1585 997 1633 in
1015 1583 1080 1634 stat
1101 1583 1254 1635 literato-bi.

131 1692 150 1724 z.
166 1673 200 1725 A.
218 1673 253 1725 K.
270 1673 323 1732 Ζ..
346 1679 419 1734 1851,
439 1673 485 1723 N⁰.
507 1679 561 1724 1³0.
