2782 4958
126 327 170 387 44
613 340 768 384 uranosnrr

126 513 356 598 ἅρχαιοπινὸν,
376 508 440 572 sive
456 507 561 593 robipo
578 510 751 583 vetustatis,
774 527 849 591 quae
871 508 903 570 in
926 506 1183 573 Potricrcbcrcm
1205 529 1253 592 po·

113 622 199 703 tius,
225 644 313 709 quam
336 625 368 688 in
389 622 542 688 Nestoris
560 625 686 684 aetatem
703 624 868 685 conveniat.
904 619 1007 705 Hujus
1024 623 1161 706 profecto
1181 627 1255 686 tem·

125 758 198 821 pore
215 758 272 800 nec
295 735 465 801 sentiebant
487 735 529 798 ita
550 755 608 798 uec
626 732 797 798 scribebant
819 735 970 799 mortales.

171 851 230 914 Sed
255 850 303 915 his
322 871 403 914 nunc
423 849 545 933 quidem
565 848 675 928 missis,
697 847 770 931 quid
798 849 831 912 iu
854 869 942 932 opere
964 849 1155 913 retractando
1172 871 1257 934 prae·

126 965 241 1029 stiterit
263 963 564 1029 Olsbauseuius
587 959 758 1038 videamus3
780 965 841 1046 qud
862 962 900 1026 de
923 984 967 1044 re,
993 966 1071 1027 nord
1093 965 1257 1049 praemissi

125 1081 324 1165 praefatione,
341 1079 487 1142 nonnulla
508 1077 595 1142 dixit.
632 1076 823 1162 Quamquam
845 1077 940 1162 major
958 1078 1042 1143 illius
1060 1099 1129 1162 pars
1148 1079 1257 1142 arctio-

125 1215 189 1258 rem
212 1215 280 1258 cum
307 1193 443 1257 Editoris
469 1192 505 1255 de
528 1193 642 1276 optimi
663 1193 881 1277 interpretandi
904 1194 1020 1258 ratione
1037 1192 1158 1278 placitis
1179 1215 1257 1257 con-

121 1308 312 1392 junctionem
342 1306 449 1382 babet,
479 1326 568 1390 quam
592 1326 662 1370 oum
690 1308 854 1385 Auctoris,
880 1310 930 1372 cui
953 1330 1060 1373 novam
1088 1308 1259 1373 destinabat

125 1422 301 1502 editionem,
315 1422 571 1505 interpretatione.
608 1420 699 1484 Haud
711 1423 816 1506 paucis
839 1422 934 1508 igitur
956 1421 1028 1487 libri
1047 1423 1168 1508 paginis
1188 1420 1258 1487 bre·

127 1558 208 1618 vem,
229 1536 382 1601 nonnullis
398 1535 568 1600 uberiorem
587 1534 857 1601 Olshauseuii
880 1535 1045 1621 subjectam
1060 1536 1145 1602 vides
1163 1558 1258 1600 anuo·

126 1653 285 1729 tationem,
309 1653 454 1716 Auctoris
477 1651 524 1715 vel
544 1651 772 1715 confirmantem
794 1651 876 1715 diota
903 1650 951 1716 vel
974 1650 1256 1736 reprehendentem.

127 1767 186 1832 Sed
205 1768 318 1852 inipso
336 1770 427 1831 etiam
450 1767 549 1851 operis
567 1765 800 1830 Hirueliaui
823 1770 967 1829 contextu
985 1766 1085 1850 plura,
1107 1786 1199 1850 quam
1222 1763 1259 1828 ab

50 1885 52 1888 ’
127 1881 218 1945 initio
245 1881 443 1958 destinasset,
474 1902 539 1945 sese
562 1883 694 1945 mutdsse
720 1881 796 1944 dicit
818 1901 853 1944 ac
874 1880 1041 1945 refluxisse.
1088 1881 1127 1944 In
1147 1879 1259 1964 quibus

123 1995 239 2060 'diserte
251 2017 299 2060 res
310 2000 444 2061 recenset
454 1995 491 2058 ad
503 1997 735 2061 Grammaticam
746 1995 928 2060 Hebraicam
940 1996 1123 2079 pertinentes
1133 1995 1259 2079 ejusque

126 2111 295 2175 locutiones
317 2109 489 2185 technioas;
512 2108 566 2174 ubi
582 2108 686 2174 abillo
710 2131 741 2172 se
760 2107 887 2173 subinde
909 2109 1067 2174 dissentire
1090 2109 1165 2173 satis
1179 2108 1260 2173 clare

127 2225 291 2311 significat.
339 2224 528 2309 Quamquam
551 2224 609 2290 alia
630 2245 692 2288 uon
710 2245 823 2309 pauca,
844 2244 921 2307 quae
942 2244 998 2287 nec
1017 2224 1081 2308 ipsa
1100 2220 1256 2308 probaret,

126 2344 163 2403 ut
185 2339 284 2424 priore
308 2339 441 2403 editione
464 2340 575 2424 scripta
598 2343 706 2419 erant,
731 2339 876 2423 reposuit.
927 2336 998 2409 cue
1020 2336 1057 2401 de
1080 2336 1191 2422 agendi
1212 2360 1259 2402 ra·

127 2453 210 2516 tione
238 2452 311 2535 qnid
336 2452 387 2515 alii
416 2453 547 2516 sentiant
568 2453 679 2516 nescio.
724 2451 792 2537 Ego
815 2452 936 2537 quidem
959 2452 1065 2516 vellem
1090 2454 1153 2515 und
1176 2458 1259 2517 certe

128 2564 285 2646 litterum,
311 2563 364 2629 nbi
387 2586 462 2649 opus
484 2571 567 2643 erat,
594 2566 746 2649 appositi,
777 2565 850 2648 quid
878 2564 1079 2643 Hiruelio,
1102 2566 1176 2649 quid
1200 2566 1259 2631 sibi

127 2676 302 2756 deberetur,
318 2678 492 2746 indicasset.
531 2679 583 2743 Sic
605 2679 685 2743 enim
708 2700 746 2742 ue
776 2677 821 2743 illi
839 2700 873 2743 ea
895 2678 1104 2744 tribuerentur
1134 2683 1258 2745 cautum

127 2797 218 2867 esset,
243 2812 330 2875 quae,
356 2793 501 2857 invitam
523 2793 549 2856 si
572 2792 650 2856 forte
673 2792 779 2873 redux,
806 2815 861 2878 pro
884 2794 947 2856 suis
967 2791 1128 2878 agnoscere
1151 2794 1256 2858 nollet.

128 2905 288 2970 Caeterum
307 2911 423 2970 certum
443 2927 477 2969 ac
489 2905 685 2971 deliberatum
703 2907 812 2970 edendi
832 2906 903 2972 libri
924 2907 1083 2972 consilium
1095 2929 1154 2970 non
1172 2929 1259 2973 secu·

129 3026 195 3085 tum
218 3041 283 3083 esse
305 3019 615 3086 Olehauser'iium
638 3022 711 3085 satis
733 3026 862 3107 apparet.
899 3020 1000 3093 Quem
1019 3028 1118 3086 tamen
1136 3022 1259 3087 laudare

130 3133 290 3212 malumus,
309 3135 389 3218 qnod
412 3133 509 3199 bonae
532 3136 635 3222 frugis
654 3138 902 3201 commentarium
923 3137 1032 3200 iterum
1055 3137 1146 3220 idque
1163 3139 1260 3223 magis

128 3248 244 3326 nitide,
281 3269 371 3332 quam
400 3254 508 3331 autea,
543 3250 690 3316 edendnm
722 3257 812 3335 atque
839 3251 1024 3334 aliquantum
1049 3250 1260 3335 adaugendum

129 3365 280 3430 curaverit
302 3361 374 3450 (l),
407 3384 518 3449 quam,
548 3365 628 3449 quod
651 3367 685 3429 in
708 3366 804 3431 alieno
827 3385 916 3449 opere
939 3364 1067 3428 nimium
1090 3363 1149 3429 sibi
1173 3387 1258 3430 sum·

128 3481 219 3561 serit,
245 3479 355 3544 acriter
377 3478 603 3563 reprehendere.

172 3703 240 3769 dam
264 3707 381 3792 ingenii
405 3706 618 3791 doctrinaeque
641 3705 925 3785 Hirzeliauae,
951 3707 988 3787 ad
1004 3705 1145 3772 Jobetdis
1163 3708 1259 3775 inter·

125 3817 322 3902 pretationem
347 3819 481 3898 collatae,
503 3841 597 3884 unum
621 3825 703 3884 certe
718 3821 903 3907 alterumque
918 3825 1069 3907 specimen
1085 3825 1257 3900 afferamus,

126 3952 162 3996 ex
186 3933 364 4016 gravissimo
386 3934 438 3998 illo
465 3933 573 4020 Capite
595 3937 721 4020 septimo
744 3937 881 4019 ductum,
907 3958 967 4021 quo
988 3943 1019 4001 et
1037 3938 1194 4002 universae
1206 3938 1259 4002 ho·

161 4223 198 4283 (1)
216 4221 342 4274 Posterior
358 4225 434 4276 editio
457 4227 571 4277 chartam
590 4228 665 4277 habet
686 4227 833 4287 candidam,
860 4241 907 4277 neo
931 4228 968 4277 ita
986 4229 1101 4288 fuscam,
1127 4235 1156 4277 ut
1174 4228 1260 4291 prior„-

126 4311 182 4362 lroec
199 4321 256 4378 post
270 4317 350 4379 praef.
370 4333 412 4382 pp.
431 4324 495 4377 254,
522 4318 565 4370 illa
582 4335 624 4384 pp.
642 4324 703 4376 2653
731 4319 819 4370 iisdem
846 4320 898 4371 fere
925 4322 1032 4385 utreque
1049 4320 1193 4373 litterarum
1220 4327 1258 4383 ty·

125 4407 165 4470 pis
181 4411 309 4472 expresse.
