2782 4958
149 334 210 396 tot
633 353 788 402 muaouou

148 525 200 584 aut
217 522 358 607 fidentia,
375 519 583 607 explicationis
602 525 723 587 nomine
746 546 763 588 a
785 526 918 610 patronis
941 530 1180 597 commendatur.
1203 534 1263 599 Nuu

148 637 302 701 commode
325 659 359 701 ac
388 638 565 722 perspicue,
590 639 712 703 videant
734 637 795 704 alii.
842 643 953 706 Horum
977 664 1049 709 vero
1076 650 1138 710 tarn
1170 647 1265 713 divers

146 756 191 817 est
214 753 303 829 ratio,
320 751 406 818 aliter
428 753 494 815 aliis
515 774 579 817 eam
606 752 852 837 temperantibus,
877 756 986 819 utrix
1008 764 1062 823 aut
1084 781 1124 822 ue
1143 761 1195 824 vix
1214 763 1265 844 qui·

148 870 216 934 dem
233 875 359 934 cunctae
380 867 463 931 illius
481 868 592 932 formae
615 870 678 931 und
697 867 908 952 comprehendi
930 871 1059 953 possint,
1085 893 1266 956 quaeamus

146 985 319 1057 contineat,
349 983 537 1047 delinitione.
587 985 645 1046 Pro
667 983 749 1047 verit
770 984 869 1058 euim,
897 1005 985 1066 quam
1008 985 1066 1051 sibi
1090 985 1215 1070 aliisque
1231 990 1265 1053 iu·

80 1150 83 1155 .
144 1099 272 1162 formant
297 1098 467 1180 Theotopict,
492 1095 530 1161 ab
552 1100 587 1160 et
613 1097 738 1181 repetita
758 1097 859 1162 differt
872 1098 1081 1183 interpretatio
1106 1105 1263 1187 tuotopta.

143 1215 284 1277 Universe
306 1217 405 1275 autem
434 1209 515 1292 quod
538 1211 626 1274 Sacrd
652 1211 685 1272 in
709 1211 865 1295 Scripturb
887 1213 1021 1277 distinam
1044 1220 1111 1291 est,
1136 1217 1215 1299 quod
1238 1217 1263 1283 de

144 1327 264 1392 coelesti
287 1327 353 1410 ejus
374 1330 500 1389 testatur
523 1325 653 1410 ongim,
678 1325 759 1408 quod
782 1326 836 1390 Dei
858 1325 895 1390 de
918 1330 1040 1409 nature,
1066 1329 1202 1394 consiliis
1215 1329 1265 1397 cul·

142 1449 236 1526 tuque
258 1463 312 1504 nos
335 1441 450 1517 edocet,
476 1440 507 1503 id
530 1460 600 1524 prae
624 1442 746 1504 caeteris
769 1442 943 1523 attendunt,
968 1443 1140 1528 explicant,
1156 1443 1263 1511 subinde

143 1558 216 1621 adeo
236 1556 283 1621 vel
305 1578 358 1641 per
381 1557 459 1640 piam
483 1555 628 1639 adjectam
651 1563 803 1641 ἄσκησιν,
821 1555 869 1620 vel
889 1578 943 1641 per
965 1560 1138 1641 quaesitum
1152 1564 1262 1649 prefata

142 1674 251 1738 diesem
275 1671 438 1735 multorum
463 1671 570 1752 passim
593 1669 728 1734 locorum
751 1693 878 1747 semum,
904 1670 1070 1737 lectoribus
1093 1675 1189 1760 magis
1199 1674 1261 1739 frio

139 1794 259 1852 tuosum
282 1785 403 1849 reddere
422 1790 579 1848 conantur.
630 1786 762 1859 Quorum
786 1786 819 1848 in
839 1786 947 1850 studiis
969 1792 1059 1870 atque
1072 1788 1259 1854 institutisest

138 1923 207 1966 sane
239 1900 319 1984 quod
343 1901 450 1964 merito
477 1899 577 1964 laudes
600 1907 631 1963 et
653 1899 809 1985 approbes.
858 1904 958 1984 Neque
987 1902 1071 1966 enim
1107 1903 1209 1969 diviod
1233 1905 1260 1968 de

138 2019 331 2082 institutione
365 2016 455 2079 nimis
483 2015 643 2100 magnifice
665 2016 776 2079 sentire
799 2037 976 2100 possumus,
1013 2038 1071 2082 nec
1094 2018 1259 2083 nimiamin

140 2133 205 2217 ejus
222 2133 401 2218 praestantii
423 2130 633 2215 limpidissimo
655 2152 692 2193 ex
707 2130 789 2193 fonte
805 2129 981 2195 declarandi
997 2153 1102 2196 curam
1117 2131 1256 2198 collocare·

140 2247 240 2313 Nolim
265 2253 376 2330 tamen,
402 2246 482 2331 quod
505 2244 632 2310 subinde
653 2245 839 2309 committere
861 2245 1023 2322 videntur,
1050 2246 1256 2328 praenostica

138 2362 295 2449 negligant
317 2368 348 2428 et
377 2362 547 2427 historicam
569 2361 867 2446 interpretationem,
896 2366 984 2444 atque
1008 2382 1061 2440 ea,
1093 2383 1169 2445 quae
1191 2361 1257 2426 illius

139 2476 258 2563 legibus
281 2477 485 2549 adversentur,
499 2475 618 2539 decreta
641 2479 803 2538 sectentur.
845 2474 955 2551 Nolim,
979 2476 1172 2558 theolopieae,
1185 2497 1256 2560 quur

140 2591 275 2671 laudant,
301 2591 511 2676 explicationis
533 2589 666 2654 subsidio
689 2589 753 2665 usi,
775 2610 846 2652 strae
861 2590 919 2673 ipsi
937 2590 1117 2672 Theolcpt'ae
1130 2587 1257 2674 ejusmodi

137 2713 243 2794 parent
269 2706 471 2792 praesidium,
497 2705 580 2789 quasi
603 2702 640 2768 ab
663 2702 878 2787 interpretibus
901 2704 983 2767 Sacri
1007 2705 1186 2789 Scriptores,
1210 2723 1256 2767 non

135 2822 191 2886 illi
213 2822 250 2887 ab
274 2823 334 2898 tta,
359 2821 504 2885 edocendi
525 2821 598 2884 sint.
645 2821 705 2883 Nec
731 2816 821 2882 velim
851 2817 1068 2882 obliviscantur
1100 2818 1169 2902 (hoc
1190 2819 1256 2882 enirn

138 2913 229 3019 hujus
251 2935 309 2998 loci
334 2956 403 2998 cum
427 2935 629 3021 disputatione
647 2935 843 3017 conjunctum
859 2936 916 3000 estl
932 2934 1010 3018 apud
1026 2933 1166 2999 Jeea't'esm
1178 2940 1255 3012 certe,

136 3071 211 3135 quae
234 3049 407 3135 gravissima
434 3055 552 3114 exstant
574 3048 735 3128 vaticinia,
757 3047 860 3111 eadem
883 3048 1011 3111 maxime
1040 3046 1184 3114 sublimia
1206 3068 1256 3113 esse

135 3165 278 3228 carmine.
328 3162 420 3245 Cujus
442 3163 485 3227 rei
510 3164 567 3225 nisi
590 3184 736 3225 memores
758 3163 839 3237 sint,
865 3161 1029 3234 verendum
1051 3169 1098 3227 est
1119 3184 1171 3239 ne,
1196 3182 1257 3246 quae

134 3277 171 3342 de
187 3279 311 3341 Podseos
332 3275 488 3340 Hebraicae
504 3277 604 3341 indole
623 3298 691 3341 vere
711 3281 741 3341 et
763 3276 914 3362 eleganter
936 3275 1144 3342 Lowthius
1168 3276 1258 3343 docuit

135 3413 168 3456 ac
202 3397 269 3476 post
304 3412 373 3456 eum
396 3392 611 3468 Herderus,
644 3414 678 3455 ea
709 3391 846 3476 proximo
877 3390 998 3474 quidem
1029 3391 1132 3455 seculo
1164 3391 1258 3456 eximie

133 3506 281 3591 profuisse
303 3507 483 3582 uideantur,
509 3506 580 3570 huic
603 3513 705 3572 nostro
728 3528 797 3571 vero
820 3506 943 3591 periisse
969 3510 1022 3569 aut
1049 3527 1172 3570 omnem
1193 3509 1259 3570 certo

134 3642 223 3686 usum
246 3623 378 3684 amisisse
402 3621 459 3706 (1).
508 3623 545 3685 Et
570 3643 661 3701 vero,
687 3620 768 3704 quod
792 3641 926 3684 caussam
949 3620 1098 3698 continet,
1115 3642 1217 3686 manea
1228 3618 1259 3682 sit

128 3740 278 3754 Μ

168 3810 204 3870 (Ι)
223 3805 408 3872 Dignissimum
425 3811 493 3874 quod
512 3825 570 3860 cum
583 3810 656 3859 dictis
673 3810 818 3860 conferatur
835 3809 1051 3859 Michaetidts
1071 3816 1110 3859 est
1127 3808 1259 3875 Epimetron

131 3907 162 3953 ad
183 3902 324 3953 Lowthii
350 3902 379 3952 de
409 3902 481 3952 soced
508 3902 584 3951 Pot'se'
604 3901 682 3952 Hebe.
701 3901 878 3967 praelectionem
900 3899 978 3951 XIX.
1014 3900 1083 3959 Ubi,
1102 3911 1259 3967 posteaquem

131 3997 200 4046 illius
220 3996 248 4045 de
264 3995 426 4060 parallelismo
443 3998 593 4046 neembrorum
615 3998 680 4046 dicte
701 4002 727 4045 et
751 3998 950 4060 praeceptores
974 4003 1126 4058 reposuerat
1145 3997 1259 4050 editione,

131 4091 193 4140 baec
217 4090 338 4138 continuo
360 4089 473 4152 subjicit:
513 4088 638 4155 »Eprept'e
662 4091 746 4150 vero,”
771 4091 863 4154 inquit,
886 4089 1011 4139 »nicotrum
1032 4088 1064 4138 ud
1088 4098 1201 4140 ouctore:
1221 4093 1260 4136 toto

135 4183 210 4232 nerine
235 4181 362 4248 praelectio
385 4183 465 4248 potsin
491 4199 534 4232 non
559 4183 635 4246 inopis
656 4192 756 4247 spectet,
783 4199 852 4248 qoam
878 4182 1094 4243 Hermenenticonr,
1122 4194 1259 4248 quaequam

132 4277 248 4342 »prodent
265 4277 352 4326 misera
370 4285 391 4326 et
408 4276 500 4333 vitioso,
521 4277 571 4326 sine
586 4277 699 4340 poteratis
718 4275 747 4325 Η
751 4277 841 4326 ebroici
863 4291 932 4324 sensu
950 4290 979 4323 ac
999 4281 1070 4338 postu
1094 4290 1209 4338 procusa,
1227 4270 1260 4320 too

131 4371 248 4419 »maxime
266 4370 368 4435 exernplo
386 4370 448 4420 disci
462 4369 565 4436 potest.’'
600 4369 651 4420 Sed
676 4370 761 4420 omnia
780 4380 838 4420 sunt
856 4369 978 4432 legenda,
1005 4383 1070 4431 quae
1089 4367 1118 4416 tle
1136 4383 1181 4418 ceu
1203 4364 1260 4431 lujat

123 4462 283 4527 parallelismi
301 4464 464 4516 ternreneotz'co
483 4466 569 4516 multis
589 4466 708 4529 deinceps
727 4466 801 4514 docet
817 4463 899 4514 alletia
918 4462 1054 4526 exemplis.
