2782 4958
109 1061 171 1123 Der
185 1060 312 1139 Propiet
326 1063 444 1128 Jeeoio.
471 1065 598 1130 nennio
612 1088 669 1130 oon
686 1067 831 1153 August
853 1067 1007 1133 Knobel.
1022 1067 1145 1148 Zneite,

150 1178 324 1240 corbeccerte
346 1179 493 1260 Anstope;
518 1177 616 1260 Leipz.
646 1180 744 1243 1854.
770 1169 822 1264 pp.
849 1182 927 1245 tou.

152 1288 298 1371 (Alterum
321 1288 397 1353 liber
415 1288 504 1353 hebet
520 1287 666 1353 titulum:
692 1291 920 1379 Koropefoeoter
941 1318 1017 1378 orep.
1039 1293 1148 1358 Hand·

152 1405 223 1467 inei
246 1426 311 1468 nnn
331 1405 427 1467 Alton
452 1404 530 1467 l'eot.
557 1403 675 1492 Frinfte
696 1405 886 1494 Differnnp).

110 1788 228 1852 Jeonino
244 1789 401 1869 Propheta,
420 1791 636 1870 interpretante
651 1797 830 1878 Augusto
853 1795 904 1857 lln
915 1783 1018 1871 obel,
1033 1795 1145 1861 Philon.

152 1913 182 1967 et
212 1905 310 1968 Theoi.
336 1906 421 1969 Doot.
451 1907 593 1990 injneqne
617 1907 767 1971 Gierrenci
795 1908 829 1972 in
855 1911 951 1973 Aond.
981 1910 1150 1997 Prrp‘eooore

151 2018 313 2083 ordinarie.

517 2248 650 2270 ‘'On—-

105 2461 168 2518 ret
182 2453 312 2531 omnlino
330 2454 440 2533 tentos,
465 2452 516 2536 qni
533 2474 586 2515 eno
610 2453 684 2515 donn
705 2451 867 2528 novissent,
890 2454 1036 2536 opriooioo
1055 2457 1147 2519 Poeta

105 2568 158 2631 vit.
189 2567 281 2651 Cujus
304 2567 368 2630 sine
387 2564 479 2630 dubio
498 2566 613 2630 dictum
635 2563 678 2629 ite
697 2571 796 2629 nostre
813 2567 921 2631 referre
937 2567 1009 2632 licet
1026 2569 1062 2632 ad
1082 2573 1148 2633 stu-

107 2688 143 2746 ut
165 2680 266 2746 beatos
287 2702 343 2744 nos
369 2685 554 2765 reputemus,
586 2681 612 2742 si
635 2678 726 2760 bona,
760 2703 814 2764 per
843 2682 1063 2748 sanctissimum
1087 2685 1146 2748 Deo

104 2800 189 2859 rente
212 2793 298 2859 nobis
320 2795 472 2880 impertito
495 2794 644 2875 codicem,
674 2799 706 2858 et
729 2800 808 2860 recte
830 2797 1003 2861 noverimus
1025 2803 1056 2862 et
1077 2819 1145 2880 suo,

105 2915 121 2973 t
145 2909 287 2991 maximo,
319 2909 415 2994 pretio
438 2909 589 2972 aestimare
613 2908 813 2972 didicerimus.
859 2911 988 2992 Etenim,
1012 2912 1037 2975 si
1060 2911 1108 2977 vel
1131 2936 1149 2977 u

105 3047 115 3088 1
139 3024 322 3099 divinarum,
343 3044 432 3107 quem
451 3021 496 3087 ibi
518 3022 658 3086 tradit-am
680 3026 860 3108 acoepimun,
886 3046 954 3088 vere
978 3026 1081 3090 divino
1100 3025 1148 3090 in·

106 3141 175 3203 ione
197 3139 393 3219 discedamus,
418 3138 591 3204 elocutionis
613 3136 709 3221 qualis
731 3142 761 3200 et
783 3157 871 3220 quem
895 3137 1147 3221 incomparabilis,

105 3257 118 3318 t
142 3274 210 3317 cum
233 3253 423 3337 simplicitate
443 3252 568 3336 juncta,
593 3253 688 3338 gratia
710 3260 755 3316 est
777 3256 808 3315 et
830 3249 1003 3335 pulcritudo
1025 3256 1056 3314 et
1078 3273 1149 3316 vero

105 3367 199 3431 nitas!
250 3370 290 3432 Ac
320 3372 498 3451 postremam
522 3366 599 3430 hanc
621 3364 675 3430 ubi
698 3386 831 3429 memoro
854 3364 970 3429 Codicis
990 3365 1150 3455 811111,ἀο-

115 3501 207 3564 quem
229 3483 331 3565 potius
349 3480 464 3565 cogito,
489 3501 577 3563 quam
601 3500 682 3555 eum,
707 3478 796 3562 cujus
813 3500 936 3554 nomen,
956 3479 1036 3562 quod
1061 3478 1149 3542 modo

125 3595 279 3680 adscripsi,
300 3616 453 3678 nunquam
476 3595 615 3678 equidem
636 3595 701 3657 sine
720 3592 924 3659 venerationis
937 3594 1038 3677 aliquo
1061 3615 1150 3659 sensu

105 3732 179 3795 upo,
205 3709 382 3793 Prophctom
404 3707 564 3773 Jeooion?
611 3711 666 3772 Vos
688 3709 770 3772 enim
792 3709 937 3785 novistis,
963 3708 1149 3774 Commilito·

115 3826 152 3905 (si
175 3821 225 3887 htc
247 3844 367 3907 quoque
388 3825 442 3886 Vos
465 3820 642 3906 compellare
664 3824 851 3906 permittitis)
871 3845 960 3906 qnam
982 3845 1079 3907 saepe,
1103 3823 1149 3887 di·

103 3939 227 4024 hujuscs
251 3939 330 4002 Votis
352 3936 532 4020 insigniores
562 3956 698 4020 quosque
720 3935 801 4000 locos
825 3937 982 4001 Vobiscum
1004 3939 1149 4023 interpre-

105 4075 129 4129 1,
153 4075 211 4117 usu
234 4053 346 4131 veniat,
370 4057 406 4115 ut
428 4071 582 4133 nunquam
605 4049 757 4135 mihiipsi
781 4051 880 4114 minus
911 4073 957 4115 mc
985 4054 1150 4119 satisfecere

105 4169 170 4233 lum
198 4168 257 4244 sit,
290 4188 379 4250 quom
409 4163 462 4229 ubi
493 4165 525 4228 id
548 4186 632 4250 agam
656 4172 692 4229 nt
717 4163 800 4229 illius
822 4170 1038 4250 quantumpote
1063 4166 1151 4232 Vobis

105 4304 164 4346 :cm
186 4283 394 4367 praestantiam
416 4282 576 4366 politicam.
624 4283 754 4347 Novistis
776 4287 911 4346 metum
933 4279 1062 4344 subinde
1085 4302 1150 4344 ves·

119 4401 150 4461 et
172 4401 279 4460 testem
301 4395 443 4460 advocare
467 4401 497 4459 et
519 4394 687 4478 adjutorem
709 4394 806 4480 pulcri
825 4413 955 4476 sensum,
979 4395 1032 4477 qui
1053 4395 1149 4459 acrior
