2782 4958
553 375 726 420 7777676676.
1144 356 1204 420 197

69 563 185 610 novum
214 541 336 627 aliquod
360 543 452 607 decus
473 543 606 627 peperit,
632 543 685 625 qui
707 540 752 606 ibi
775 546 805 606 et
829 541 859 606 7.
884 543 903 606 3
931 541 1040 626 Aprilis
1062 564 1089 607 a.
1119 544 1205 607 1770

69 663 161 722 natus
190 662 235 722 661
257 661 288 721 61
310 657 363 721 diu
393 657 715 733 unanimorum
741 677 925 720 6777777666
948 677 1072 720 credar.
1121 658 1206 720 Hunc

70 769 168 847 enim,
194 770 306 854 pariter
329 790 363 833 ac
386 767 674 833 Thereminium
702 773 732 832 61
755 769 1011 846 nausearum,
1035 769 1072 834 de
1095 769 1205 852 quibus

70 882 161 947 mode
184 881 271 947 antea
293 882 436 959 diximus,
454 903 624 966 paucosque
646 880 720 946 alios
743 883 876 966 ejusdem
898 882 1014 968 palmae
1036 884 1149 960 socios,
1171 885 1205 948 in

68 996 266 1062 nobilissimis
287 996 470 1060 censendum
498 1018 578 1073 6666,
603 1017 678 1080 quos
704 999 871 1061 recentiore
893 997 950 1063 hoc
979 1004 1113 1083 tempore
1137 998 1206 1063 Ger·

68 1111 169 1174 mania
200 1110 357 1187 extulerit,
391 1110 565 1175 Oratoribus
594 1112 700 1194 666776,
725 1110 861 1196 plerique
891 1134 1008 1192 omnes,
1039 1114 1072 1176 ni
1101 1111 1201 1189 fallor,

69 1225 105 1289 Gl
115 1227 264 1291 arissio
277 1225 324 1314 (1)
341 1227 539 1291 consentient.
560 1229 664 1290 Verum
677 1225 865 1309 eloquentiae
877 1217 953 1290 hane
964 1226 1084 1291 laudem
1095 1232 1121 1291 si
1133 1249 1203 1292 cum

67 1337 135 1402 aliis
150 1360 340 1404 communem
360 1339 467 1404 habuit
485 1340 562 1404 Viris
577 1339 615 1404 de
631 1339 761 1404 76616677
776 1339 852 1404 bene
875 1341 1004 1419 meritis,
1024 1340 1202 1426 llylertii

66 1451 245 1539 singulatim
275 1453 313 1518 ad
336 1454 552 1518 immutandam
582 1455 742 1538 utriusque
774 1454 944 1519 Germaniae
968 1457 1201 1520 Protestantium

67 1568 226 1633 8667616176
248 1573 401 1634 externam
424 1568 629 1633 conditionem
650 1589 684 1632 66
705 1569 956 1634 76666671677766
979 1569 1082 1635 efficax
1105 1571 1202 1634 consi·

26 1738 30 1742 Δ
66 1680 142 1746 lium
173 1682 312 1767 apparuit
335 1686 425 1765 atque
449 1682 622 1746 auctoritas.
670 1683 711 1745 De
742 1681 833 1746 hocce
856 1704 926 1746 sane
949 1682 1115 1769 theologo,
1140 1704 1201 1767 quo

64 1794 206 1879 ignorato
220 1796 452 1861 recentissimam
472 1793 619 1860 Ecclesiae
639 1795 793 1860 historiam
808 1818 896 1860 nemo
919 1794 1007 1882 plene
1022 1819 1201 1883 cognoscere

64 1913 184 1993 potest,
208 1929 304 1994 pauca
325 1933 363 1974 ex
386 1911 490 1975 multis
512 1909 599 1975 nobis
621 1909 746 1973 dicenda
771 1915 854 1974 sunt.
882 1947 922 1958 -
949 1910 1082 1974 Halensis
1103 1911 1200 1996 igitur

63 2023 239 2090 7166766766
260 2025 452 2090 institutione
474 2046 547 2089 usus
575 2024 806 2109 cyrenius,
830 2024 902 2088 adeo
930 2046 1010 2102 non,
1033 2023 1198 2090 multorum

63 2141 159 2204 instar
182 2140 435 2223 commilitonum,
456 2146 528 2229 περὶ
552 2147 611 2224 τὴν
633 2144 745 2208 πίστιν
767 2144 930 2226 ἐναυάγη,
949 2144 985 2204 ut
1000 2139 1060 2203 fide
1082 2138 1198 2204 Christo

64 2251 169 2318 habita
192 2255 385 2319 confirmatus
407 2254 526 2339 potius,
541 2274 630 2337 quam
652 2253 863 2328 labefactatus,
885 2254 1010 2338 patriam
1033 2253 1069 2316 67
1091 2251 1197 2317 urbem

63 2368 177 2433 rediret
206 2390 241 2432 ac
268 2368 497 2434 dilectissimum
519 2368 556 2432 67
588 2371 759 2444 Ρ6767166,
784 2366 941 2452 Euangelii
970 2365 1082 2432 ibidem
1104 2369 1198 2432 17167-

62 2487 178 2566 pretam
200 2481 421 2547 fidelissimum.
457 2483 512 2547 Cui
535 2481 681 2546 continuo
700 2480 820 2566 Collega
844 2481 930 2545 datus
953 2503 987 2545 66
1008 2486 1110 2566 postea
1126 2483 1197 2546 Suc·

61 2616 160 2660 cessor
181 2599 341 2673 suffectus,
359 2596 501 2661 tredecim
525 2617 579 2680 per
601 2616 706 2677 annos,
731 2597 754 2659 i.
781 2617 810 2659 e.
836 2617 914 2659 anno
935 2596 1021 2658 1791
1045 2615 1139 2678 usque
1159 2595 1196 2659 67
1292 2613 1297 2623 ·

60 2732 89 2775 a.
117 2711 217 2786 1807,
238 2713 415 2774 Hammonae
436 2711 673 2774 Reformatorum
693 2710 793 2773 coetui
809 2708 956 2795 singulari
971 2711 1043 2773 67777
1065 2709 1195 2794 praefuit

59 2828 90 2888 et
111 2822 270 2909 vigilantid
293 2829 324 2889 et
344 2824 530 2901 assiduitate,
560 2845 654 2908 eoque
680 2827 828 2888 Pastorem
858 2847 927 2890 eum
950 2846 1042 2910 grege
1064 2824 1194 2908 conjun-

58 2944 150 3024 gente
168 2940 306 3023 perpetui
321 2941 429 3003 amoris
448 2937 583 3014 vinculo,
601 2939 682 3022 quod
698 2938 781 3002 nulla
802 2960 931 3022 unquam
951 2937 1081 3004 solveret
1095 2959 1192 3022 neque

58 3055 228 3118 attenuaret
249 3053 393 3137 temporis
415 3053 613 3117 diuturnitas„

99 3285 162 3349 Etsi
185 3283 282 3349 adhuc
306 3283 378 3347 satis
399 3280 527 3346 obscuro
553 3281 670 3345 vixerat
690 3280 722 3343 iu
747 3278 858 3365 patriae
880 3279 1005 3364 oppido,
1028 3300 1089 3343 non
1112 3279 1186 3343 obs·

55 3420 164 3464 curum
185 3405 287 3465 tamen
314 3396 393 3483 apud
420 3396 500 3460 cives
525 3395 620 3480 ipsius
641 3400 787 3458 manserat
812 3415 933 3458 nomen.
981 3395 1091 3481 Neque
1105 3392 1186 3457 enim

52 3515 234 3579 mediocrem
256 3515 284 3578 ei
306 3512 463 3576 facundiae
487 3511 607 3594 famam,
631 3532 686 3594 pro
709 3509 944 3574 Christianorum
968 3506 1112 3570 concione
1134 3505 1186 3571 ha·

53 3626 133 3692 bitae
153 3649 187 3691 ac
205 3627 313 3691 deinde
332 3627 511 3713 publicatae,
529 3626 673 3712 parabant
694 3627 857 3701 oraticnes3
875 3645 925 3687 666
946 3624 1087 3699 maxime,
1109 3644 1185 3706 quae

51 3738 87 3804 ad
111 3739 270 3825 erigendos
292 3740 408 3803 Patriae
439 3739 588 3803 aerumnis
618 3738 772 3822 depressos
796 3736 968 3801 auditorum
992 3738 1107 3801 animos
1135 3759 1184 3800 ae·

49 3854 254 3919 commodatae
276 3859 368 3917 erant.
417 3855 525 3936 Atque,
547 3856 675 3916 exeunte
697 3851 846 3936 imprimis
863 3852 1071 3915 Hammonensi
1085 3850 1181 3934 illius,

48 3971 86 4035 76
105 3989 167 4053 quo
189 3989 284 4052 pauca
310 3966 386 4043 7777,
412 3972 561 4052 tempore,
585 3971 616 4031 et
637 3987 691 4050 per
715 3964 782 4028 illas
803 3965 914 4029 factum
938 3969 982 4028 661
1003 3987 1096 4029 sacras
1119 3987 1181 4030 ora·

47 4086 147 4149 tiones
161 4086 192 4146 et
209 4101 262 4166 per
282 4079 364 4161 alias,
383 4080 419 4144 de
439 4080 549 4163 quibus
567 4100 715 4164 exponere
730 4078 856 4164 longum
879 4084 935 4160 est,
956 4100 1056 4143 rerum
1072 4101 1180 4167 oppor-

45 4199 215 4272 tunitates,
249 4203 285 4260 ut
318 4196 440 4280 augusti
475 4198 670 4264 Berussorum
702 4195 810 4280 Regis,
846 4193 1051 4259 Frederici
1086 4194 1179 4259 Wil-

33 4351 196 4364 ,,,,.,...,.-..-

80 4447 120 4509 (1)
139 4446 169 4496 77
189 4445 292 4513 1776761.
310 4447 377 4498 717661.
392 4449 504 4512 epitome,
523 4466 547 4513 p.
567 4455 607 4500 35.
