2782 4958
129 328 193 392 ule
567 347 607 390 on
631 346 712 390 cruc.
738 345 804 390 nnc.

125 515 316 579 institutione
342 534 431 597 quam
459 517 539 578 arcte
565 513 645 577 dicta
663 515 826 596 conjuncta
847 511 928 589 sint,
956 513 1152 598 postmodum
1174 513 1251 580 nobis

125 626 291 713 apparebit.

168 857 276 919 Verum
313 876 393 931 eam,
423 876 512 938 quam
536 852 756 940 Theologorum
786 875 823 918 ex
846 853 963 920 Scholia
989 853 1144 920 exclusam
1170 856 1253 933 nolo,

129 968 266 1055 linguam
296 991 356 1034 non
380 975 480 1054 eptam
502 991 564 1033 esse
586 990 642 1033 uec
664 969 801 1034 idoneam
827 967 936 1048 multi,
964 969 1075 1045 credo,
1106 969 1255 1054 objicient,

130 1087 191 1167 qud
222 1085 294 1148 satis
320 1089 456 1149 accurate
479 1106 526 1148 res
549 1105 584 1147 cc
613 1081 722 1169 placita
752 1084 962 1162 enuntiemus,
994 1084 1132 1167 antiquis
1162 1084 1257 1170 ignota

130 1199 285 1274 Romanis,
318 1198 406 1262 nobis
433 1203 532 1262 autem
565 1195 740 1261 declaranda
766 1217 801 1260 ac
825 1195 1005 1261 definienda.
1055 1199 1142 1261 vesu
1172 1197 1259 1283 igitur

130 1331 192 1374 non
216 1309 309 1374 habili
337 1332 393 1374 uec
418 1310 574 1375 commodat
600 1316 749 1375 recentem
772 1331 827 1374 uos
849 1311 1044 1394 comprimere
1069 1333 1105 1374 ac
1133 1319 1260 1375 coercere

129 1425 305 1508 sapientiam
329 1430 457 1510 arguent
487 1430 518 1489 et
548 1424 756 1488 eruditionem.
805 1424 872 1488 diu’
901 1427 991 1488 vcro?
1036 1423 1160 1489 Adeone
1188 1424 1259 1506 hcc,

131 1537 212 1621 quod
236 1535 324 1601 nobis
356 1536 482 1621 objicis,
511 1537 626 1602 crimen
652 1539 835 1600 Erasmus
866 1538 955 1602 etiam
978 1538 1134 1601 commisit
1150 1530 1189 1602 'et
1210 1540 1262 1602 lde·

133 1648 357 1715 lanchthon
386 1657 416 1716 et
446 1649 633 1715 Calvinus
662 1658 693 1716 et
720 1653 951 1732 Ernestius‚
977 1647 1028 1732 et,
1062 1651 1262 1716 recentissimi

134 1763 191 1828 nso
213 1766 376 1846 memorid,
394 1787 432 1828 ne
455 1764 529 1829 alios
552 1764 718 1851 permultos
740 1764 906 1850 appellem,
926 1768 1151 1852 Borgerus,
1173 1767 1263 1831 'litt-

134 1901 321 1956 mannus,
362 1880 634 1956 Fritzschius‚
674 1881 876 1962 Wiuerus‚
919 1881 1129 1961 Reichius,
1174 1882 1262 1944 Van-

135 1993 383 2079 chgeliusP
429 1995 538 2060 Omnes
560 1995 642 2058 euim
674 1993 705 2057 hi
735 2001 765 2060 et
794 1997 916 2063 infinito
944 2016 1072 2060 numero
1104 1994 1178 2076 alii,
1209 1995 1263 2058 suis

136 2110 258 2192 quique,
272 2109 385 2174 meritis
407 2110 553 2195 insignes,
579 2109 640 2173 Viri
662 2108 822 2193 praeclari,
839 2109 896 2173 hac
922 2110 999 2194 ipsd,
1024 2129 1116 2192 quam
1136 2109 1261 2193 proscri-

136 2221 264 2285 bendum
283 2227 383 2306 putas,
415 2221 518 2308 lingui
541 2224 610 2300 usi,
635 2228 666 2288 et
688 2224 838 2289 historicis
855 2224 892 2288 de
909 2225 1095 2310 argumentis
1112 2229 1145 2288 et
1161 2223 1263 2288 criticis

138 2341 169 2399 et
191 2337 353 2421 exegeticis
372 2341 404 2400 et
425 2335 644 2421 phisosophicis
666 2344 696 2403 ct
719 2339 896 2426 dogmaticis
916 2343 947 2402 et
963 2337 1092 2420 ethicis,
1116 2339 1210 2403 immo
1232 2337 1262 2402 de

137 2449 221 2514 nulla
243 2471 304 2513 non
328 2451 500 2534 quaestione
522 2449 711 2536 theologica,
736 2454 933 2538 scripserunt,
957 2451 1174 2537 disputdrunt,
1197 2451 1261 2518 varii

138 2566 258 2652 generis
279 2565 373 2629 libros
396 2587 429 2629 ao
459 2566 688 2630 commentarios
717 2567 847 2632 edendos
873 2571 1027 2632 curarunt.
1075 2566 1185 2631 Multos
1206 2566 1262 2651 qui·

140 2680 208 2744 dem
226 2681 334 2765 passim
353 2681 391 2745 iis
409 2701 523 2744 errores
546 2679 722 2764 objecerunt
743 2681 901 2746 adversarii
925 2679 1081 2764 multaque
1103 2682 1192 2747 vitia.
1214 2683 1262 2745 Nec

139 2799 240 2856 tamen
270 2814 375 2856 eorum
397 2814 576 2876 quemquam
609 2794 647 2860 ab
678 2792 851 2877 aequalibus
872 2799 925 2858 aut
950 2793 1078 2878 posteris
1102 2794 1146 2858 ita
1175 2815 1261 2884 repre

141 2905 268 2969 heusum
297 2926 360 2969 esse
383 2907 539 2970 novimus:
587 2907 707 2984 ‚Mara
742 2907 778 2970 id
809 2913 931 2970 estnec
959 2907 1036 2972 satis
1059 2916 1196 2972 accurate
1222 2929 1264 2972 ser

142 3019 241 3084 »sutis
259 3020 428 3099 perspicue,
456 3020 624 3104 occurristi,
646 3021 717 3106 quic
740 3020 851 3085 dutiae
874 3019 962 3106 (1).'‘
981 3058 1021 3070 -
1037 3021 1149 3085 Verum
1165 3043 1181 3085 a
1197 3022 1265 3086 lliro·

147 3139 302 3150 ---———-—-

144 3214 247 3264 atudim's
265 3212 360 3263 libidine
369 3212 460 3278 pendet,
478 3211 521 3263 scd
534 3214 604 3264 certis
616 3213 705 3279 copulis
717 3221 807 3265 constat
817 3221 839 3262 ai
850 3212 962 3263 scribenti
971 3219 1058 3261 certam
1074 3211 1198 3263 scribendi
1206 3210 1266 3276 Ιεφαιι

145 3319 182 3359 να
200 3323 303 3358 normam
318 3305 479 3372 praebet.''-
494 3308 574 3365 Haec,
593 3323 626 3357 ex
643 3307 818 3372 Praeceptoris
836 3305 1088 3371 Wyttenbachii,
1107 3305 1182 3370 cnjus
1199 3317 1267 3369 quum

144 3406 255 3455 maxime
268 3415 383 3451 caussam
394 3400 521 3460 tuebatur,
534 3400 662 3450 sententie.
673 3413 733 3451 vere
749 3401 849 3450 monuit
862 3397 894 3448 G.
910 3397 939 3446 L.
955 3398 1084 3456 Mahue‚
1096 3397 1124 3446 in
1137 3395 1269 3462 Epicriscu

144 3510 296 3545 consecrarem
323 3490 438 3541 Bibiiorb.
464 3491 570 3549 criticae,
603 3490 651 3541 Vol.
675 3490 726 3552 111,
750 3491 787 3542 P.
814 3492 865 3551 ΙΙΙ,
893 3490 1056 3555 praefatione.
1092 3489 1171 3540 Unde
1188 3489 1267 3545 multa.

144 3591 231 3639 nostru
248 3589 295 3637 hirc
312 3601 370 3635 cum
389 3585 558 3647 disputatione
571 3583 715 3648 conjuncta,
727 3585 778 3649 peti
791 3593 907 3648 possunt.
934 3582 989 3632 Nec
1007 3581 1093 3632 miuus
1112 3582 1228 3646 appositu
1244 3584 1269 3630 da

145 3680 326 3737 Litteraturae,
345 3691 410 3740 quae
427 3678 479 3725 suis
493 3675 548 3738 jam
565 3674 674 3725 conclusa
692 3687 731 3726 est
743 3676 845 3735 linibus,
860 3689 906 3726 usu
919 3688 948 3723 ae
965 3675 1060 3724 meritis
1073 3675 1170 3725 alicubi
1183 3675 1271 3726 monuit

147 3773 306 3822 acutissimus
324 3770 368 3819 ille
385 3767 456 3817 duris
474 3768 629 3818 Antecessor
646 3767 674 3818 J.
694 3770 731 3818 M.
749 3769 936 3833 Kemperus.
952 3832 956 3839 ᾗ
972 3762 1052 3830 Cujus
1072 3781 1134 3818 vero
1156 3769 1223 3819 dicta
1239 3780 1271 3818 me

146 3880 214 3916 nuuc
230 3868 346 3912 accurate
364 3874 504 3911 memorare
522 3875 574 3911 nou
592 3876 664 3924 posse
682 3861 765 3910 doleo.

181 3957 218 4017 (ι)
237 3955 354 4004 Fuerunt
371 3954 471 4020 quidem
491 3952 535 4015 qui
553 3953 754 4009 Fritzsohio,
772 3952 959 4012 limiconiensi,
979 3964 1054 4014 quem
1074 3952 1217 4004 honorifice
1234 3965 1273 4002 uo·

147 4049 253 4103 minari,
272 4046 331 4104 stili,
350 4047 401 4108 qub
426 4044 532 4095 subinde
552 4046 725 4094 commentarii
743 4045 898 4104 laborarent,
923 4044 1104 4095 obscuritatem
1132 4045 1272 4108 objicerent.

148 4140 248 4189 Verum
268 4138 318 4198 hic,
329 4139 512 4202 qualiscunque
528 4137 615 4196 luerit,
634 4152 723 4187 eorum
741 4138 853 4187 defectus
868 4151 919 4186 nou
938 4151 971 4187 cx
988 4137 1072 4187 Larini
1090 4141 1217 4189 sermonis
1233 4152 1274 4188 usu

148 4232 257 4289 exstitit,
277 4231 321 4279 sed
339 4245 372 4280 ex
387 4232 542 4280 coacervatis
559 4231 644 4294 potius
662 4245 708 4279 uec
729 4245 829 4294 semper
845 4231 931 4280 lucide
949 4231 1071 4280 ordinatis
1090 4232 1203 4281 aliorum
1222 4244 1274 4280 seo·

147 4325 233 4374 tentiis
251 4324 432 4388 Interprctum.
450 4323 539 4386 Atque
557 4324 675 4372 universe
692 4322 829 4371 videndum
847 4337 879 4372 ne
897 4323 1030 4373 hominurn
1048 4324 1111 4374 vitia
1128 4325 1189 4374 huic
1200 4324 1274 4378 illive,

147 4419 196 4479 qut
215 4416 413 4479 lonearium,
433 4417 535 4480 liuguae
554 4423 649 4466 temore
669 4416 810 4467 tribuamus
828 4423 851 4466 et
869 4416 965 4481 inique.
1030 4417 1033 4422 “
