2782 4958
137 107 186 172 De
221 107 485 174 [Ie-Wettiani
520 108 554 172 io
588 107 668 174 Noo.
709 109 788 173 I'eat.
827 110 1105 174 commentarii
1133 111 1177 192 (t)

179 225 329 302 Portitor,
348 232 457 289 mortno
480 228 606 288 Auctore
625 225 717 287 denuo
740 225 842 299 editio,
862 225 1032 288 brevissimo
1055 223 1174 288 relatio.

541 525 676 546 -mu-

87 785 129 848 De
160 782 309 846 notissimi
340 780 432 865 hujus
464 781 668 845 commentarii
702 803 795 865 quum
819 781 982 847 virtutibus
1004 787 1071 846 tum
1094 782 1176 847 vitiis

32 889 83 961 ita
106 918 198 982 supra
221 897 371 973 diximus,
396 903 432 961 ut
454 902 484 960 et
506 896 633 960 aliorum
662 896 838 981 proderetur
860 901 891 959 et
913 899 1048 961 nostrum
1072 897 1176 979 quale·

30 1025 161 1094 cunque
187 1010 339 1094 judicium
362 1013 420 1094 (t).
470 1012 542 1075 Item
578 1011 744 1086 editiones,
780 1008 890 1094 quibus
921 1009 1079 1094 pleraeque
1110 1012 1176 1095 ejus

30 1119 143 1190 Partes
166 1124 214 1189 vel
242 1125 353 1190 iterum
374 1124 423 1189 vel
452 1123 569 1189 terve]
593 1129 696 1208 quater
727 1123 800 1186 adeo
829 1124 1033 1206 frequentatae
1055 1130 1174 1204 essent,

26 1232 124 1306 brevi
147 1239 318 1303 notavimus
344 1236 463 1303 tabella.
502 1241 562 1302 Neo
583 1237 660 1303 ullas
680 1259 762 1302 nuno
784 1261 801 1301 a
824 1260 871 1302 me
894 1239 960 1322 ipso
982 1239 1175 1303 dissentiendi

26 1373 165 1420 caussas
187 1352 274 1416 video
306 1373 362 1415 nee
392 1374 409 1415 a
439 1353 608 1429 sententiat,
632 1374 723 1436 quam
755 1350 827 1415 olim
853 1351 959 1415 lectori
979 1351 1173 1436 judicandam

25 1467 167 1543 tradidi,
191 1465 375 1530 discedendi.
408 1467 521 1530 'Verum
536 1465 681 1544 breviore,
701 1488 789 1549 quam
813 1471 882 1551 post
905 1465 1080 1530 defirnotnm
1097 1468 1174 1530 Auo·

24 1587 135 1648 torem
168 1585 426 1665 exspectaveram,
450 1580 595 1664 temporis
626 1578 784 1644 intervallo
806 1579 919 1643 factum
950 1585 994 1643 est
1027 1585 1064 1643 ut
1086 1579 1173 1644 'valde

27 1717 143 1762 manea
167 1695 340 1759 redderetur
355 1715 411 1758 neo
433 1695 492 1758 nisi
515 1693 654 1758 inchoata
677 1699 830 1778 appareret
853 1693 1020 1756 editionum
1043 1693 1095 1757 illa
1118 1715 1173 1757 no·

25 1812 125 1876 tario.
176 1809 315 1887 Proximo
345 1808 425 1872 enim
458 1807 550 1872 hoece
583 1808 780 1891 quadriennio
810 1812 870 1872 tres
904 1807 1043 1891 deinceps
1074 1809 1172 1893 operis
1217 1830 1218 1833 ¹

27 1926 158 1999 Partes,
183 1925 270 1988 novis
293 1922 420 1987 aliorum
442 1925 521 1988 onus
548 1922 707 2009 expolitae
727 1922 926 2008 *prodieruut3
947 1943 1026 1998 una,
1051 1921 1170 1986 nullum

27 2038 170 2121 habens,
195 2039 253 2102 nisi
284 2038 493 2123 praefationis,
518 2034 761 2120 supplementum
784 2035 848 2119 (3).
898 2035 978 2109 Quae
1007 2055 1102 2118 quum
1128 2036 1170 2099 ita
1200 2049 1203 2054 ’

36 2186 197 2196 -...----—

65 2270 107 2332 (Ι)
127 2269 174 2319 De
192 2266 309 2326 Wette,
337 2264 446 2330 turzpefl
465 2277 530 2328 easy.
549 2260 649 2311 Hondt.
670 2288 699 2300 -
720 2259 811 2326 Operis
833 2261 948 2325 singulae
975 2258 1066 2310 Partes
1082 2256 1167 2317 XIII,

28 2363 144 2428 singulis
162 2361 238 2412 otiam
256 2360 387 2409 distinctae
405 2355 502 2414 tituIIs,
520 2354 684 2405 librarIorum
702 2355 728 2404 in
747 2354 859 2405 tabernis
877 2353 978 2405 venales
996 2356 1118 2418 prostant.

67 2455 107 2517 (2)
127 2452 219 2504 Oturtt
236 2450 267 2501 L.
284 2451 306 2501 1.
324 2467 348 2516 p.
370 2455 417 2499 140
435 2463 491 2513 sqq.

67 2548 106 2609 (3)
126 2547 169 2597 Sic
189 2546 282 2608 igitur,
300 2543 437 2607 temporis,
457 2555 509 2606 quo
526 2553 577 2590 non
596 2541 681 2590 nullae
703 2540 786 2588 denuo
804 2545 864 2588 sunt
882 2537 964 2589 editae
982 2536 1050 2598 Ptt,
1070 2539 1167 2588 ratione

30 2641 130 2698 habito,
148 2639 320 2689 continuanda
337 2642 375 2688 est
392 2649 422 2684 ao
439 2633 590 2698 supplenda,
611 2648 686 2697 quam
705 2631 762 2682 loeo
782 2631 860 2682 allato
878 2631 1055 2691 exhibuimus,
1075 2612 1187 2679 editio?

30 2749 94 2784 num
113 2731 214 2782 tabella.

66 2823 144 2874 Tom.
181 2822 204 2873 1.
217 2822 249 2872 P.
263 2820 319 2883 111,
339 2823 364 2872 iu
382 2819 479 2872 Joaun.
490 2821 589 2885 Euerg.
601 2828 626 2872 et
638 2820 713 2885 Epp,
727 2818 764 2869 ed.
779 2824 877 2882 quarta,
891 2831 944 2869 eur.
955 2816 988 2867 Β.
999 2815 1031 2867 Β,
1045 2813 1166 2865 Briiek·

380 2927 453 2976 nar,
474 2919 548 2965 rasa.

65 3007 247 3060 ----2*111.-
287 3009 317 3069 Ι,
331 3033 362 3043 -
379 3023 437 3072 epp.
455 3008 542 3072 Petri,
558 3007 658 3070 dudae,
680 3005 755 3065 dae,
776 3007 815 3056 od.
833 3002 962 3063 secunda,
981 3014 1036 3051 eur.
1054 2997 1162 3056 eodem,

379 3107 451 3152 1853.

984 3190 1020 3250 Μ
