2782 4958
540 368 581 409 nra
601 366 801 410 moranensro.
1201 348 1239 412 bl

116 551 252 636 terpres.
304 536 414 620 Quum
446 532 635 631 praesertim
669 531 768 604 latius
804 529 901 602 etiam
932 542 1058 629 pateret
1085 556 1123 604 ac
1153 531 1249 629 longe

111 661 222 759 magis
238 658 418 757 composita
434 669 521 729 esset
541 669 574 729 et
593 655 767 754 implicata,
786 681 871 755 quae
892 681 980 729 nunc
1001 654 1250 729 commentanda

116 782 349 872 incumbebat,
372 805 480 855 rerum
504 780 598 879 copia
621 791 654 852 et
680 779 819 852 varietas
836 793 870 852 et
892 778 1076 853 multitudo.
1111 782 1182 852 Hoc
1199 779 1250 854 vel

117 933 159 982 ex
185 932 253 980 uno
276 905 354 978 satis
380 902 551 1003 apparebit
573 901 800 975 Moouoburum
828 903 959 999 negotio
986 927 1025 975 ac
1044 902 1250 992 Moninlium,

115 1029 211 1129 quod
231 1028 336 1128 ipsum
357 1027 413 1100 diu
430 1050 625 1125 suspensum
644 1026 788 1099 tenuisse
806 1037 904 1124 atque
922 1025 1096 1113 incertum,
1115 1037 1253 1100 testante

118 1151 273 1224 novimus
296 1150 432 1223 Glasio
457 1149 519 1248 (l).
570 1151 653 1223 Nam
675 1148 716 1222 de
741 1148 876 1245 singulis
898 1147 1029 1247 quidem
1051 1148 1252 1237 nonnullis,

118 1277 178 1375 qui
203 1273 313 1348 Medio
333 1299 364 1372 q.
382 1273 413 1345 d.
437 1274 529 1345 Aevo
551 1272 613 1345 hac
633 1272 664 1344 in
692 1273 799 1345 Patria
825 1271 1011 1368 viguerunt,
1030 1271 1253 1344 Mesochorum

118 1423 158 1472 oo
194 1398 419 1471 Cunooioorum
453 1396 624 1468 Ordinibus
657 1395 768 1493 plures
797 1395 926 1468 fuerant
956 1395 1012 1494 qui
1043 1393 1254 1493 probabiliter

121 1534 293 1595 monerent
310 1546 349 1593 ac
368 1521 582 1618 disputarent.
634 1518 698 1590 Sed
719 1519 856 1608 horum,
877 1530 1040 1618 quotquot
1059 1532 1170 1608 erant,
1189 1519 1254 1590 Or-

119 1644 234 1719 dinum
257 1644 397 1731 natales,
420 1643 684 1741 conjunctiones,
702 1641 892 1727 affinitates,
912 1641 1160 1731 aemulationes,
1182 1654 1255 1714 stu·

118 1767 248 1841 diorum
280 1765 500 1840 diversitatem
529 1778 629 1863 atque
662 1765 845 1836 uuiversum
881 1762 963 1837 adeo
994 1763 1026 1835 in
1056 1763 1164 1836 Patria
1188 1788 1255 1834 rem

118 1891 333 1964 monachicam
364 1887 543 1962 innumeris
574 1912 615 1960 ex
645 1887 791 1960 lontibus
816 1911 932 1960 eruere
958 1899 990 1959 et
1015 1885 1193 1984 explicare3
1222 1886 1254 1958 id

118 2014 272 2087 Herculei
294 2012 406 2111 plane,
434 2035 532 2111 quem
559 2034 654 2083 nemo
680 2008 788 2082 adhuc
814 2022 1018 2108 susceperat,
1040 2008 1155 2080 laboris
1178 2035 1255 2106 pen-

120 2161 193 2210 sum
217 2149 297 2209 erat.
333 2138 369 2207 ln
392 2161 460 2234 quo
480 2135 590 2232 igitur,
608 2134 757 2234 quamvis
774 2132 905 2222 difficili,
926 2131 1123 2231 perterrendo
1143 2158 1254 2232 penso,

123 2265 190 2362 qua
225 2261 405 2334 constantia
435 2273 534 2360 atque
558 2258 756 2348 eruditione,
774 2257 894 2332 ‘eadem
924 2259 1074 2331 universe
1105 2256 1257 2331 felicitate

121 2384 235 2482 plures
251 2383 336 2457 vitae
356 2409 459 2457 annos
476 2408 574 2482 quam
597 2382 765 2455 utilissime
778 2381 957 2454 consumsit
975 2380 1254 2480 Royaardsius.

121 2506 235 2606 Atque
255 2506 318 2579 boc
339 2506 478 2605 exempli
506 2505 611 2580 solum
634 2510 750 2578 caussa
772 2504 854 2579 dico.
894 2506 1010 2604 Neque
1030 2503 1115 2577 enim
1138 2505 1169 2576 in
1192 2503 1259 2602 ple-

121 2629 235 2729 risque
262 2629 331 2701 aliis
364 2628 572 2702 difficillimae
602 2628 834 2728 disquisitionis
870 2627 1018 2726 partibus
1049 2626 1100 2700 vel
1133 2627 1258 2700 minore
1320 2624 1323 2629 ’

124 2765 275 2826 versatus
294 2768 343 2825 est
359 2752 600 2850 perseverantia
615 2751 666 2825 vel
683 2751 790 2842 minus
808 2751 975 2849 explorato
991 2763 1091 2850 atque
1105 2763 1258 2850 exoptato

124 2873 386 2973 disquisitionum
410 2875 509 2948 exitu.
560 2877 643 2947 Tum
666 2874 788 2972 ipsam,
811 2873 940 2974 qualem
964 2898 1033 2947 eam
1057 2873 1158 2946 nostri
1182 2885 1260 2946 sunt

123 2996 249 3095 experti
259 2998 409 3093 Majores,
423 2997 648 3069 Hierurchium
661 2997 798 3095 ejusque
815 3022 1034 3094 progressum,
1049 2997 1258 3083 incrementa,

128 3119 286 3218 pessimas
308 3133 411 3208 artes,
436 3119 606 3218 pestiferos
626 3119 761 3192 effectus
787 3126 825 3192 et
847 3119 991 3218 depinxit
1017 3119 1201 3217 prudentia,
1220 3146 1259 3193 eo

129 3243 384 3343 repraesentavit
409 3243 473 3314 stili
498 3243 658 3332 acumine,
681 3243 774 3342 quasi
798 3242 989 3341 aequalibus
1010 3250 1138 3328 nostris,
1160 3268 1259 3316 coeco

129 3366 268 3440 subinde
299 3379 481 3465 temporum
511 3367 639 3440 illorum
670 3390 780 3438 amore
818 3364 978 3463 abreptis,
1009 3363 1128 3438 diserta
1160 3392 1257 3439 voce:

131 3490 218 3563 Haec
242 3515 315 3561 varo
343 3489 400 3562 Vos
423 3490 555 3586 oestipr'u
580 3503 734 3577 terreant,
759 3488 915 3562 voluisset
938 3486 1126 3560 acclamare.
1149 3525 1190 3535 -
1215 3489 1260 3559 Et

122 3689 273 3703 *naun—-

164 3811 212 3882 (1)
232 3809 318 3864 Vidd.
345 3828 416 3882 quae
437 3829 473 3866 ex
501 3812 671 3868 dilectissimi
690 3811 898 3885 Praeceptoris,
930 3827 1023 3882 equo
1045 3807 1137 3880 magni
1158 3808 1258 3877 fiebat,

132 3909 210 3966 dictis
230 3908 336 3976 retulit,
355 3908 374 3963 1.
390 3909 410 3964 l.
429 3929 458 3981 p.
475 3916 520 3965 18.
549 3910 654 3966 Verum
670 3911 803 3984 imprimis
819 3911 1017 3982 perpendenda
1036 3927 1107 3980 quae
1124 3910 1158 3963 de
1178 3908 1259 3979 hujus

133 4007 289 4080 argumenti
305 4007 456 4078 difficultate
471 4008 530 4080 ipse
548 4009 657 4064 monuit
670 4010 719 4078 lt,
738 4010 828 4078 praef.
847 4008 915 4065 Vol.
927 4009 953 4064 I.
969 4027 999 4080 p.
1010 4009 1124 4078 XVIII,
1137 4008 1203 4064 Vol.
1217 4009 1260 4064 11.

131 4104 346 4176 p.v1-v111.
376 4107 418 4160 De
435 4108 560 4174 pravitate
573 4108 596 4162 si
614 4108 676 4180 quis
690 4109 762 4164 forte
779 4108 898 4177 dubitet,
919 4108 988 4163 baec
1005 4108 1101 4163 audiat
1116 4106 1182 4162 alibi
1194 4105 1261 4162 scito

131 4206 278 4263 docentem
297 4205 479 4260 Historicum.
519 4228 531 4257 o
540 4206 609 4267 Quae
633 4225 726 4277 mupnu
754 4207 944 4274 moliebantur?
965 4207 1073 4280 inquit,
1095 4207 1187 4276 »hujus
1207 4207 1265 4260 nect

128 4307 275 4370 abominer,
291 4321 308 4359 a
326 4304 516 4362 Monacbis
527 4307 588 4375 fere
601 4315 659 4361 sunt
676 4309 817 4378 repetenda.
849 4307 990 4377 Praecipui
1007 4306 1141 4375 Tleolmz',
1157 4304 1264 4359 Missis·

127 4405 235 4470 onorii,
248 4404 417 4459 Harmoniae
434 4413 538 4460 statores
557 4414 581 4461 et
595 4407 721 4472 vindices,
734 4405 887 4477 Pontifices,
899 4407 1090 4463 Haeretirorum
1106 4404 1263 4469 advesarii,

126 4523 178 4561 oea
198 4506 231 4560 tis
242 4504 422 4576 prodierunt'*
464 4506 552 4576 Comp.
573 4507 642 4561 Hist.
657 4506 731 4563 Ecce.
752 4507 777 4564 I.
801 4513 853 4565 ato
874 4525 915 4580 sq.
