2782 4958
227 114 268 177 50
715 133 866 175 unanamo

227 297 286 383 ris,
318 319 478 395 nusquam
513 308 620 367 tamen
654 307 719 367 tam
749 296 908 371 concinne
932 295 1058 394 digesta
1088 321 1127 370 oe
1160 309 1223 369 tam
1246 296 1321 370 lucido

230 420 400 493 informata
426 420 534 517 legere
560 419 737 517 potueris(
764 421 788 518 ).

278 671 397 744 Parum
432 669 577 767 prolecto
603 670 695 743 abest
720 669 799 767 quin
830 667 925 765 plane
952 691 1004 739 me
1030 665 1150 739 obruat
1178 665 1333 755 minorum,

229 818 289 865 nec
316 817 392 865 vero
419 791 554 877 levium,
583 792 704 889 quibus
729 804 859 863 nostrae
883 789 1069 886 singulatim
1095 790 1262 864 Ecclesiae
1276 791 1335 862 llis·

195 962 197 966 -
229 915 344 987 toriam
362 914 506 999 ornavit,
523 913 719 1010 scriptorum
738 912 830 1010 copia
847 937 886 985 ac
908 912 1055 985 varietas.
1089 914 1240 999 Quorum
1257 936 1338 1010 quam

229 1038 332 1110 multa
354 1062 458 1136 eaque
479 1060 577 1136 quam
599 1034 725 1109 diversa
748 1038 813 1133 jam
835 1036 1075 1108 recensuimus!
1115 1037 1186 1110 Nec
1205 1035 1278 1108 dum
1296 1049 1340 1107 ta·

230 1186 304 1234 men
325 1160 423 1233 ullam
444 1159 726 1234 commentationis
743 1184 795 1232 me
814 1159 1010 1233 mentionem
1028 1159 1144 1232 lesisse
1160 1157 1270 1248 video,
1286 1162 1346 1256 qua

231 1283 316 1355 litem
339 1284 512 1357 illustravit
537 1285 756 1382 doqmoticom
780 1307 936 1382 quamn.
962 1279 1216 1368 libb-lm
1241 1281 1344 1354 lactum

231 1431 303 1480 esse
327 1407 477 1480 novimus
496 1406 756 1481 Bernardum
783 1405 1087 1480 Sebastianum
1114 1407 1347 1479 Cremeram

231 1527 332 1618 inter,
364 1529 565 1627 Theologum
593 1530 776 1618 Gelricum‚
805 1541 839 1601 et
866 1528 1081 1601 Iohannem
1113 1525 1349 1602 Wesselium.

231 1653 304 1737 Qua
331 1652 400 1750 ipsd
424 1654 696 1727 commentatione
717 1649 973 1723 dissensionibus
990 1674 1029 1722 ac
1049 1646 1357 1730 concertationibus,

229 1799 312 1872 quas
336 1775 483 1848 Rodllii
511 1788 704 1873 pepererant
721 1772 907 1862 doctrinae,
926 1797 1043 1845 novam
1065 1771 1208 1870 aliquam
1229 1770 1357 1845 allatam

229 1919 301 1968 esse
326 1894 432 1968 lucem
457 1896 552 1969 nobis
576 1896 720 1969 constitit
747 1895 808 1992 (2).
833 1936 874 1948 -
895 1897 1033 1984 Verum,
1051 1894 1103 1968 his
1121 1894 1241 1983 missis,
1257 1915 1359 1993 quatu

229 2017 388 2092 indefesse
411 2045 471 2093 nec
492 2044 636 2118 unquam
659 2019 792 2090 remissa
820 2017 996 2106 industria,
1015 2016 1056 2089 ad
1076 2032 1258 2092 extremum
1272 2016 1361 2089 ritae

228 2141 329 2214 'veluti
355 2142 510 2230 halitum,
536 2143 568 2213 in
592 2141 818 2214 diversissimis
845 2141 1026 2226 Historiae,
1054 2139 1095 2213 de
1117 2143 1185 2239 qud
1213 2140 1355 2238 agimus,

231 2264 380 2360 partibus
402 2263 603 2362 explicandis
623 2263 802 2361 perrexerit
821 2264 957 2337 Amicus
973 2265 1116 2337 animum
1139 2261 1353 2335 advertamus.

229 2387 281 2457 En
315 2385 388 2457 Tibi
424 2385 559 2458 alterum
590 2388 677 2460 Novi
703 2386 837 2459 Arelrivi
867 2386 1031 2474 Velamen,
1062 2384 1167 2484 quod,
1204 2385 1351 2459 defuncto

225 2509 291 2604 jam
315 2508 576 2606 Royaardsio,
604 2510 694 2583 solus
714 2508 815 2582 edidit
838 2508 991 2608 illiusque
1006 2508 1073 2583 vira
1094 2510 1280 2608 conscriptd
1295 2520 1351 2581 ter·

229 2630 363 2702 minavit
388 2631 568 2705 Kistius.
621 2634 724 2730 Cujus
750 2632 851 2732 ipsius
871 2631 1055 2705 Voluminis
1077 2645 1116 2704 ut
1140 2632 1280 2731 primum
1299 2630 1345 2703 lo·

226 2751 326 2823 dicem
354 2753 548 2852 inspexeris,
587 2767 653 2826 tres
688 2754 730 2827 ad
764 2753 844 2828 illud
874 2779 949 2828 curn
983 2753 1151 2853 symbolas
1184 2751 1342 2831 contulisse

227 2874 369 2965 videbis,
395 2902 495 2976 quae,
518 2879 700 2974 argumenti
727 2877 965 2975 temporisque,
985 2875 1074 2975 quod
1098 2877 1279 2974 attingunt,
1297 2899 1339 2948 va·
1389 2904 1391 2993 p

227 2995 358 3085 rietate‚
390 2997 421 3068 in
453 2997 543 3070 nulld
572 3000 658 3098 agri,
692 3000 724 3070 in
754 3025 821 3098 quo
856 3024 958 3097 quum
996 2999 1135 3072 maxime
1168 2987 1335 3081 'versamun
1388 2998 1391 3040 ·'

225 3135 318 3216 parte
347 3135 404 3193 aut
433 3122 553 3219 angulo
583 3123 742 3222 hospitem
773 3148 847 3195 eum
881 3122 981 3196 luisse
1010 3122 1102 3195 novis
1132 3120 1334 3194 demonstrant

226 3245 389 3342 exemplis.
441 3247 566 3334 Prima,
597 3245 907 3318 Cluniocensicm
940 3245 1026 3317 Ordo
1054 3258 1162 3316 utrum
1187 3246 1222 3316 io
1251 3246 1333 3340 imon

225 3367 319 3438 ctiam
343 3369 462 3439 venerit
489 3367 752 3457 cherlcodicm,
779 3381 835 3440 aut
862 3368 906 3440 ibi
931 3380 1020 3440 certe
1047 3367 1249 3440 auctoritatis
1271 3358 1331 3462 quid

259 3763 307 3834 (l)
327 3763 391 3817 Vid.
418 3764 490 3818 Novi
511 3766 582 3820 Hist.
604 3765 678 3820 Eccl.
701 3766 814 3820 Arcbici.
835 3765 899 3821 Vol.
925 3766 951 3820 I.
976 3766 1208 3838 (quodomnium
1227 3761 1328 3818 ultiman

221 3879 276 3915 una
294 3861 445 3917 clarissimo
466 3881 528 3917 cum
549 3863 631 3918 Socio
658 3864 773 3919 editioni
797 3866 908 3936 paravit
933 3865 993 3938 ipse
1019 3863 1291 3936 Royaardsius),
1306 3874 1326 3927 p·

223 3968 381 4017 tlt-310.

259 4062 305 4131 (2)
324 4061 359 4117 V.
376 4061 456 4118 Arcti.
476 4062 543 4117 Vol.
557 4062 643 4118 VIII.
665 4083 694 4134 p.
716 4068 874 4117 tto-428.
908 4061 1077 4128 Quibuscum
1098 4058 1218 4115 conferri
1235 4053 1328 4130 possunt

221 4176 292 4230 quae
312 4161 346 4214 de
365 4159 530 4215 Cremero
551 4161 666 4233 ejusque
684 4161 848 4218 adversariis
866 4161 1049 4231 narravimus,
1067 4159 1153 4216 Acon.
1171 4157 1239 4216 ectr.
1250 4156 1328 4227 p‘cstttt

219 4256 300 4325 Proff.
321 4259 391 4312 Ilz'st.
413 4259 495 4313 Tom.
518 4259 558 4315 11.
581 4279 609 4331 p.
633 4265 753 4314 76-84.
