2782 4958
129 341 171 401 96
609 352 778 396 uaavrouas

126 547 179 591 nes
202 523 625 610 euangelicasattingentes,
656 521 890 606 amplificantes,
922 519 1121 605 depravantes
1150 521 1288 586 audies,

125 645 255 707 Aetam
278 638 457 724 diligentem
478 638 512 703 in
533 635 691 709 omnibus,
715 657 792 720 quae
813 635 852 698 ad
875 633 953 699 hanc
975 656 1112 701 massam
1135 637 1280 720 pertine·

128 753 216 828 bant,
241 754 315 819 varii
340 753 460 838 generis
482 751 573 816 dictis
595 750 809 835 conquirendis
831 770 934 815 curam
957 748 1120 815 collocavit
1143 753 1273 836 Ange·

127 888 206 942 rua,
232 872 267 932 ut
289 889 324 931 ex
349 869 414 952 ipso
437 867 547 943 etiam,
569 867 622 950 qui
646 865 819 949 nuperrime
839 863 940 928 editus
961 868 1022 941 est,
1045 863 1129 928 libro
1147 868 1265 942 Πίσης

127 987 240 1068 Σοφία
265 980 312 1069 (1)
336 1002 535 1066 quaecunque
558 981 676 1045 utiliter
699 978 830 1044 conferri
853 983 992 1063 poterant
1012 978 1197 1062 particulae,
1222 1001 1264 1043 eas

126 1099 301 1179 excerperet
323 1100 412 1178 atque
438 1094 545 1158 ordine
567 1096 737 1176 reponeret.
779 1090 864 1176 Opus
889 1096 1002 1166 autem,
1019 1091 1103 1174 quod
1127 1091 1263 1157 inscribi·

125 1216 191 1275 tur:
223 1209 413 1295 Ὠριγένους
445 1208 727 1292 Φιλοσοφούμενα,
761 1227 831 1270 cum
864 1227 900 1270 eo
930 1205 1051 1270 demum
1082 1211 1263 1290 temporeo

126 1323 293 1388 Millero
323 1324 440 1388 editum
471 1329 566 1397 esset,
602 1326 638 1385 ut
660 1320 697 1385 ad
724 1322 818 1405 ipsam
841 1319 996 1407 Syncpain
1026 1319 1265 1406 locupletandam

127 1438 205 1502 nulli
229 1439 295 1523 eJua
314 1438 373 1501 loci
397 1435 532 1503 adhiberi
556 1441 691 1521 possent,
708 1436 742 1503 iu
756 1435 993 1512 Additamentis,
1013 1435 1080 1501 aive
1095 1437 1206 1501 Indice
1221 1437 1265 1514 H,

129 1557 194 1616 tam
217 1557 387 1616 accuratam
406 1551 491 1617 illius
507 1548 615 1614 hahuit
629 1551 795 1628 rationem,
817 1555 854 1616 ut
868 1572 906 1614 ne
921 1550 1013 1635 hujus
1026 1551 1152 1636 quidem
1170 1552 1268 1637 operis

128 1664 280 1731 fructibus
303 1661 404 1731 carere
425 1671 580 1751 pateretur
602 1664 730 1729 lectores
750 1665 807 1749 (2).
823 1665 920 1728 -In
937 1664 985 1729 his
1007 1664 1105 1749 igitur
1127 1663 1269 1730 omnibns

125 1835 274 1850 ω...-

163 1929 202 1991 (l)
221 1928 324 1980 Titulus
340 1935 390 1981 est:
405 1925 441 1978 Π.
459 1925 495 1977 Σ.
512 1943 571 1994 opas
586 1924 731 1986 Gnosticnn,
749 1922 930 1978 Valentino
955 1923 1123 1996 aquatecta
1158 1925 1188 1980 Ε
1208 1927 1267 1982 cod.

127 2038 171 2074 mr.
196 2023 289 2089 Copticc
312 2021 459 2074 Londinenai
477 2022 604 2086 descripsit
625 2029 647 2070 et
662 2019 720 2072 Lat.
740 2023 809 2071 vertit
832 2019 871 2072 Μ.
894 2020 926 2072 G.
945 2020 1141 2074 Schwartze.
1179 2023 1270 2074 Edidit

129 2117 258 2180 (defuncto
276 2117 486 2174 schwartzio)
504 2113 533 2165 J.
553 2115 589 2165 H.
609 2114 815 2172 Petermann3
834 2114 920 2165 Beroi.
942 2121 1017 2175 1851,
1033 2117 1051 2166 f.
1069 2121 1085 2166 8
1102 2115 1163 2180 maj.
1184 2114 1267 2182 Opus,

129 2213 227 2276 dequo
245 2218 273 2260 ut
287 2211 398 2275 primum
421 2209 515 2274 aliquid
540 2206 699 2264 innotuerat,
717 2207 749 2256 ab
766 2208 872 2258 eruditis
896 2209 969 2258 valde
985 2210 1172 2269 desideratum,
1192 2210 1269 2275 plura

129 2305 255 2365 continet,
280 2304 312 2353 ad
330 2303 477 2354 traditiones
499 2301 660 2365 euangelicas
682 2308 707 2351 et
725 2301 853 2352 Ecclesiae
874 2300 1008 2351 historiam
1025 2301 1206 2352 illustrandam
1226 2319 1269 2353 ae·

129 2389 294 2447 commodata.
318 2395 567 2446 Petermannum
583 2387 604 2443 si
622 2380 705 2452 audis,
724 2406 771 2443 nec
793 2390 940 2444 Valentinum
956 2400 1086 2443 auctorem
1102 2393 1193 2443 habuit
1203 2394 1269 2445 liber

128 2503 176 2538 nec
200 2502 354 2554 quemquam
376 2487 432 2551 ejus
457 2488 593 2548 asseclam,
619 2481 663 2537 sed
687 2487 788 2538 serioris
807 2488 892 2551 potius
914 2487 1004 2537 centis
1024 2484 1165 2550 Ophitarum
1185 2496 1268 2538 sectae

127 2582 225 2631 socium
241 2581 361 2646 aliquem.
398 2581 438 2630 De
460 2580 545 2644 operis
568 2585 696 2629 momento
716 2581 809 2642 dignus
829 2580 928 2643 estqui
952 2578 1101 2629 consulatur
1118 2578 1154 2629 A·
1178 2579 1267 2631 Nicr-

129 2687 253 2736 meyer,
272 2676 299 2723 in
318 2674 386 2723 edito
402 2674 434 2722 ab
452 2674 506 2738 ipsc
522 2679 548 2722 et
563 2671 809 2721 Dresselhusio:
834 2669 939 2736 Maqoz.
961 2686 1017 2719 cocr
1041 2668 1111 2720 Kru.
1132 2686 1161 2720 en
1181 2669 1265 2738 Exep.

128 2760 170 2812 des
187 2762 226 2814 N.
245 2763 275 2815 T.
293 2763 368 2814 Tom.
385 2765 436 2815 111.
456 2765 486 2815 P.
502 2770 527 2813 2.
544 2781 569 2829 p.
588 2769 636 2813 152
655 2777 708 2827 sqq.

163 2857 200 2919 (2)
221 2853 302 2922 Opus,
321 2861 388 2922 quod
403 2859 464 2908 item
488 2860 581 2909 dicitur
605 2858 678 2905 κατὰ
693 2856 789 2906 πασῶν
809 2855 939 2925 αἱρεσέων
956 2853 1085 2926 ἔλεγχος,
1102 2859 1210 2910 docente
1232 2858 1265 2908 ti-

126 2950 182 2998 tulo
202 2963 214 2997 e
231 2947 315 2999 Codice
325 2949 443 3000 Parisino
459 2966 520 3000 nnnc
533 2952 636 3023 primum
653 2951 727 3001 edidit
738 2951 926 3002 Emmanuel
944 2952 1073 3008 Millert
1093 2949 1170 3002 Onon.
1189 2957 1268 3020 1853,
1288 3016 1291 3022 ,

129 3048 205 3092 8.-
229 3041 311 3105 eujus
333 3045 418 3108 operis
442 3053 599 3095 momentum
619 3060 648 3096 ac
665 3046 776 3110 pretium
798 3045 841 3110 qui
866 3053 982 3096 accurate
1005 3059 1158 3108 cognoscere
1181 3028 1285 3111 rohai.¹

129 3136 189 3185 huic
207 3136 332 3200 imprimis
350 3139 431 3215 docta!
442 3139 598 3188 consulenda
617 3146 655 3189 est
672 3153 702 3188 ac
719 3139 823 3203 copiosa
844 3140 897 3190 eive
917 3153 1026 3190 censura
1050 3155 1095 3190 seu
1116 3121 1268 3217 disputetiqp

128 3236 231 3279 auctore
249 3227 277 3278 J.
296 3229 327 3278 1..
344 3228 363 3278 J
367 3230 477 3292 acobi,
493 3246 558 3294 quae
576 3231 675 3296 prodita
692 3239 775 3284 exstat
791 3235 818 3283 in
836 3232 1043 3284 Schneideri:
1062 3233 1181 3285 Dentsclie
1194 3233 1267 3284 Zeit-

127 3320 215 3386 sclirijl
222 3321 274 3385 fiir
291 3320 388 3372 Oli-isti.
407 3318 581 3387 Wiasenachcfl
594 3332 640 3375 etc.
658 3326 690 3375 ad
706 3341 729 3375 a.
746 3329 808 3376 1851
827 3341 926 3376 menses
942 3327 1006 3377 Jun.
1024 3335 1050 3378 et
1063 3321 1117 3376 Jul.
1133 3327 1181 3378 No.
1197 3331 1265 3377 25-

129 3421 169 3466 29.
205 3414 264 3477 Qua
280 3431 313 3466 ex
326 3417 496 3481 disputatione
513 3417 588 3482 plura
602 3418 715 3482 reposuit
729 3417 847 3483 excerpta
864 3418 1110 3483 Niermeyerua.
1128 3420 1157 3470 in
1171 3434 1264 3484 opera,

127 3512 202 3560 modo
220 3520 295 3561 antea
311 3511 506 3575 laudato‚quod
524 3513 592 3562 socio
607 3513 684 3562 edidit
697 3511 932 3563 Dresselhuslo
948 3510 1089 3578 lMcpcern
1105 3513 1176 3574 etc),
1190 3513 1268 3564 Tom.

128 3604 178 3655 111.
196 3605 227 3655 Ρ.
244 3612 266 3655 l.
282 3622 307 3671 p.
325 3611 358 3656 85
378 3619 446 3671 eqqr
463 3605 520 3664 ubi,
539 3605 566 3655 in
584 3606 730 3668 quaestione
747 3604 894 3668 singulatim
913 3605 1002 3655 critici.
1021 3607 1052 3655 de
1069 3606 1170 3670 scriptis
1184 3605 1268 3657 Joan·

127 3702 191 3758 nais,
210 3714 286 3763 quam
309 3698 486 3749 auctoritatem
503 3699 566 3748 haec
586 3680 695 3747 habeant
717 3695 948 3762 Philosoplrdnrenc‚
969 3705 1043 3748 acute
1065 3699 1138 3748 docet
1160 3701 1268 3749 idoneus

127 3786 177 3848 hic,
197 3793 218 3839 si
235 3793 388 3855 quisalius,
403 3791 496 3854 judexr
514 3791 587 3854 cujus
606 3789 682 3840 etiam
699 3788 778 3855 ipsius
799 3787 903 3839 omnino
920 3785 1089 3839 consulendae
1103 3797 1164 3839 eunt
1184 3791 1268 3842 anim·

127 3879 300 3934 adversiones.

162 4154 260 4208 Recens
276 4158 370 4224 proditi
390 4158 465 4225 hujus
488 4161 645 4212 monumenti
666 4159 768 4211 litterati
791 4161 861 4223 (nam
884 4167 959 4211 antea
977 4160 1074 4227 primus
1091 4166 1191 4210 tantum
1210 4161 1266 4212 edi·

125 4255 167 4300 tus
194 4259 249 4301 erat
279 4251 333 4314 ejus
361 4254 437 4317 liber)
463 4255 519 4319 quis
541 4267 631 4304 auctor
656 4255 688 4303 sit
715 4253 861 4312 habendus,
889 4253 977 4302 multis
1001 4251 1175 4316 disceptdrunt
1203 4252 1265 4303 Virl

125 4343 201 4402 docti,
221 4361 300 4409 eaque
317 4347 398 4397 adhuc
422 4346 464 4396 aad
484 4343 611 4411 pediculis
628 4335 821 4397 eseeuidetur.'
839 4344 1005 4396 Millerum
1027 4347 1095 4395 anim
1114 4341 1259 4406 Editorem,

124 4436 166 4498 qui
189 4436 248 4499 jure
273 4437 372 4506 Oripeni
395 4441 516 4492 tributum
537 4455 590 4490 esse
613 4455 677 4504 opus
701 4439 874 4500 contenderat,
901 4439 1057 4502 gravissimis
1076 4437 1159 4487 allatis
1183 4452 1262 4500 argu·
