2782 4958
171 294 213 361 10
664 321 806 368 nrrsronr

168 497 382 584 reposuerant
413 483 578 584 Apostoli,
609 485 705 585 plane
735 488 950 566 labefactetur
986 505 1086 594 atque
1110 511 1294 573 enervetur.

167 608 361 708 Hujusmodi
386 610 472 683 enim
495 609 751 685 inconsideratos
767 611 955 711 disciplinae
970 642 1084 691 sacrae
1097 621 1296 711 Novatores,

166 733 194 805 si
215 733 322 806 minus
337 732 425 830 apud
446 758 506 806 nos
528 746 622 822 sunt,
644 734 734 833 quod
751 761 937 835 speramus,
952 741 1041 838 apud
1060 756 1190 817 exteros
1205 760 1295 819 certe

166 857 287 930 multos
306 861 378 930 esse
400 857 561 930 novimus.

210 1104 286 1178 Sed·
302 1103 334 1176 id
353 1102 452 1176 nobis
473 1102 670 1177 monendum
691 1117 810 1194 restat,
833 1131 911 1180 non»
929 1109 1034 1207 magis
1053 1110 1115 1184 sibi
1141 1126 1293 1189 constare

162 1253 322 1301 novorum
343 1227 403 1299 hos
424 1239 600 1316 amatores,
618 1231 877 1326 quamreterum
895 1228 985 1319 illos,
1004 1227 1046 1304 de
1061 1233 1183 1331 quibus
1195 1240 1293 1313 antea

160 1351 320 1438 diximus,
349 1364 513 1450 patronos.
565 1352 605 1423 ln
624 1350 663 1423 iis
684 1350 789 1436 enim,
809 1376 949 1450 quarum
973 1355 1141 1426 matutam
1153 1358 1291 1454 jactant,

160 1472 455 1548 multorumSaori
478 1471 608 1546 Codicis
632 1473 778 1546 locorum
806 1475 1147 1573 interpretationibus,
1164 1494 1292 1579 quota·-

159 1600 311 1698 qmreque
336 1610 400 1688 est,¹
415 1595 525 1694 aliqua
542 1594 808 1695 quidem-lucens
826 1597 1067 1695 probabilitate,
1090 1625 1188 1699 quam
1211 1629 1289 1693 non,

158 1723 312 1822 quipiam
329 1733 418 1792 certe
433 1745 475 1792 ex
497 1734 605 1818 parte,
626 1718 812 1818 postliminii
835 1721 910 1818 jure
932 1723 1119 1820 superiores
1134 1725 1196 1798 sibi
1216 1727 1290 1799 rin-

157 1844 268 1918 dicare
278 1843 403 1943 possint
413 1855 537 1916 aetates
556 1843 626 1942 (tp
638 1845 738 1916 -De
753 1842 873 1916 carae
883 1848 1060 1944 suaquam
1070 1847 1214 1919 oltr'orem
1226 1849 1288 1947 ipsi

156 1984 290 2057 vocant,
310 1968 539 2041 destructorem
563 1991 624 2063 ego
649 1965 801 2054 dixerim,
822 1966 880 2039 ubi
904 1966 1068 2041 exsultant
1089 1983 1123 2044 et
1142 1969 1287 2067 glorian-

155 2090 225 2184 tur,
246 2089 360 2193 qiridni
381 2105 446 2164 tam
467 2089 563 2190 aequi
580 2103 658 2163 sunt
675 2115 714 2162 ac
727 2087 887 2178 liberales,
906 2105 944 2162 ut
967 2090 1174 2165 Harduino
1195 2108 1286 2168 certe

153 2210 297 2290 Iesuitae
318 2216 464 2286 statuam
486 2210 665 2285 honorifice
689 2209 873 2308 ponendam
897 2224 1023 2305 curant,
1050 2214 1106 2312 qui
1126 2213 1167 2286 ad
1189 2214 1286 2313 longe

152 2336 316 2414 recentius
334 2339 431 2412 etiam
449 2350 596 2435 tempus,
612 2360 711 2435 quam
724 2333 832 2406 divina
844 2333 927 2407 Novi
948 2336 1145 2409 Testamenti
1162 2342 1285 2437 scripta

156 2461 351 2560 Tadinqorrr‘,
372 2459 589 2558 pulcherrima
604 2482 756 2557 quaeque
771 2458 972 2556 antiquitatis
993 2461 1137 2535 Graecae
1154 2485 1194 2535 ac
1217 2467 1284 2536 Ro-

151 2582 269 2659 manae
284 2597 495 2657 monumenta
516 2582 686 2656 retrahere
704 2607 747 2653 ac
765 2579 947 2678 deprimere
969 2582 1119 2658 studuit‘l
1134 2622 1174 2634 ·-·
1197 2587 1282 2658 Pro-

149 2709 262 2780 crustis
280 2705 381 2779 veluti
396 2705 481 2778 lecto
494 2704 786 2802 praestantissimas
807 2731 957 2805 quasque
978 2707 1097 2779 Christi
1115 2707 1284 2783 doctrinas

149 2845 304 2929 torquere
327 2853 366 2901 ac
384 2827 556 2921 mutilare,
584 2827 734 2925 pulcrum
761 2828 872 2901 multis
893 2829 1023 2903 ridetur
1044 2844 1078 2903 et
1091 2831 1281 2929 gloriosum

148 2954 351 3054 aequalibus.
376 2954 493 3052 Neque
502 2950 564 3049 ago
576 2977 656 3024 sane
667 2953 843 3050 quominus
860 2954 955 3052 genio
967 2955 1157 3052 indulgeant
1173 2957 1277 3056 impe-

147 3078 217 3150 dire
227 3075 433 3175 possamz‘o
440 3080 583 3169 μέντοι
592 3075 736 3171 στερεὸς
747 3078 1276 3171 θεμέλιοςτοῡθεοῡὲστηκεν·

145 3203 379 3274 Verumtamen
402 3198 465 3270 boo
492 3223 557 3270 non
581 3198 694 3297 iniqua
711 3199 753 3271 ab
778 3199 817 3272 iis
842 3200 1009 3299 requirere
1033 3201 1184 3276 ridemur
1200 3203 1275 3276 rin-

144 3323 326 3412 dicatione,
352 3335 391 3394 nt
409 3322 580 3421 quaesitae
601 3322 706 3394 'hacce
726 3323 779 3397 via
801 3323 941 3420 gloriae·
965 3325 992 3395 si
1016 3324 1148 3423 quidem
1169 3326 1276 3423 plocio

144 3444 388 3545 interpretanda
407 3458 471 3534 est,
497 3444 596 3543 longe
609 3445 782 3518 maximam
795 3460 920 3545 partem
937 3473 1013 3520 oum
1031 3448 1277 3548 antiquioribus
1296 3436 1306 3451 ⁹

148 3727 153 3736 ‚
178 3661 225 3732 (1)
243 3658 335 3714 Multa
352 3657 397 3711 hle
421 3672 496 3709 nora
520 3653 651 3710 ridentur
676 3671 709 3709 ac
730 3672 783 3727 pro
801 3651 883 3709 novis
902 3653 1097 3723 venditantur,
1125 3671 1196 3728 quae
1215 3673 1274 3735 non

141 3736 217 3814 eunt.
255 3756 316 3817 Nec
334 3771 399 3809 raro
419 3751 492 3807 enim
511 3751 543 3808 fit
562 3759 594 3807 ut
611 3752 735 3826 priorum
754 3751 998 3824 interpretationes
1012 3752 1155 3829 fastidiose
1169 3753 1272 3828 impro-

138 3859 207 3914 bent
225 3872 258 3909 ac
275 3851 422 3926 repudient
439 3851 566 3907 hodierni
587 3850 796 3921 commentarii,
810 3850 947 3907 veriorem
960 3869 991 3908 ee
1008 3854 1125 3908 daturos
1140 3853 1269 3926 professi,

137 3973 205 4012 mox
224 3971 301 4023 reru,
322 3953 415 4007 varias
431 3968 482 4025 per
500 3955 646 4024 ambages,
668 3952 697 4006 in
716 3952 844 4020 eandem,
863 3969 920 4024 quo
939 3952 997 4021 illi,
1019 3949 1091 4008 viani
1110 3954 1271 4026 pervenisse

137 4055 393 4128 deprehendantur,
415 4059 464 4107 aut
482 4060 557 4107 certe
575 4050 666 4107 verbis
685 4050 789 4122 magis,
820 4068 904 4125 quam
922 4068 954 4106 re
972 4051 1110 4108 diversam
1128 4053 1269 4126 peperisse

136 4153 403 4227 interpretationem.
443 4152 566 4211 Subinde
585 4150 669 4206 etia-m
695 4151 859 4222 reprobatae
879 4151 1066 4233 antiquiorum
1087 4153 1268 4226 explicationi
1298 4201 1302 4205 .

134 4257 237 4310 nudam
252 4253 424 4309 substituunt
435 4252 592 4318 versionem,
608 4267 679 4322 quae
692 4249 813 4304 auctoris
827 4249 931 4305 dictum
949 4267 1005 4306 non
1022 4250 1174 4308 liberaliter
1188 4271 1267 4308 enar·

134 4361 193 4422 rat,
218 4356 268 4409 sed
293 4351 417 4425 singulae
436 4351 496 4424 ejus
515 4349 640 4418 litteras,
668 4347 755 4403 veluti
782 4349 904 4404 torcular
924 4366 1007 4419 uvas,
1029 4350 1130 4423 premit
1149 4369 1182 4408 ao
1201 4368 1266 4408 cou-

133 4461 256 4527 torquet.
296 4452 342 4509 Sic
361 4451 466 4507 scilicet
485 4449 537 4506 sibi
556 4448 675 4522 aliisque
692 4449 786 4522 magni
806 4450 935 4506 ridentur
954 4451 1114 4524 Apollinest
