2782 4958
538 122 592 168 usu
616 122 723 168 rnnoc.
1139 107 1202 170 209

59 287 244 378 abrogandis
266 289 315 355 vel
349 291 381 353 in
412 289 521 354 formae
551 292 714 356 novitatem
746 290 916 376 redigendis
946 310 1007 354 non
1033 309 1125 376 pauca
1155 289 1203 356 vel

59 405 223 491 prudentia
245 409 316 468 sunt
337 403 447 489 agitata
467 404 592 469 consilia
619 405 666 469 vel
680 405 847 470 temeraria.
896 406 954 469 Nec
977 410 1076 470 tamen
1098 405 1203 469 acade-

60 521 178 585 micum
194 521 349 603 antiquare
372 521 476 584 Latine
500 519 644 603 loquendi
666 541 779 583 morem
803 518 952 603 plerisque
971 517 1104 602 placuit,
1126 539 1200 602 quo·

59 655 130 698 rum
153 633 227 698 alios
247 632 299 697 alii
319 632 519 718 excipiebant,
538 632 728 718 Reipublicae
749 631 992 698 Moderatoribus.
1019 632 1118 696 Frisii
1133 633 1201 714 qui·

61 746 152 823 dem,
178 768 239 829 quo
264 751 398 830 tempore
419 747 547 810 maxime
574 744 727 811 fervebant
750 767 866 811 summa
888 746 958 809 imis
975 745 1121 809 miscendi
1135 750 1201 809 stu·

60 859 130 933 dia,
166 861 304 945 ineptum
336 859 458 943 aliquod
488 857 625 924 tulerunt
653 881 687 924 ac
713 858 908 944 publicarunt
931 861 1104 939 decretum,
1140 880 1202 943 quo

60 974 250 1050 Academiae,
268 995 344 1058 quae
364 979 438 1039 tunc
454 957 535 1049 erat,
551 974 798 1058 Frcoeqaeranae
820 975 976 1039 Curatores
998 973 1101 1038 eodem
1124 978 1202 1038 tem-

59 1107 135 1171 pore
164 1086 217 1151 alii
246 1088 421 1153 Latinistae
450 1088 700 1172 praeficerentur,
727 1087 777 1151 alii
805 1088 1078 1153 Noa-dctinistce.
1133 1086 1199 1161 Quo

59 1201 225 1284 posteriore
248 1203 370 1265 nomine
396 1225 447 1267 eos
468 1202 513 1266 ibi
536 1209 727 1286 nuncupatos
757 1223 820 1267 esse
847 1203 1001 1280 videmus,
1034 1223 1110 1285 quos
1140 1204 1199 1266 lio-

58 1334 218 1378 manorum
242 1315 381 1401 ignorare
402 1338 567 1380 sermonem
589 1322 737 1381 constaret
758 1318 823 1403 (l).
871 1319 978 1381 Verum
998 1315 1081 1381 brevi
1104 1317 1199 1382 deier-

58 1427 128 1494 buit
152 1428 203 1494 hic
226 1451 350 1508 eorum,
375 1433 429 1515 qui
456 1430 534 1496 nihil
557 1452 618 1495 non
644 1435 807 1497 revolutam
826 1431 967 1497 volebant
989 1437 1041 1496 aut
1056 1435 1165 1512 procot
1186 1467 1198 1484 ·

59 1552 143 1619 tam,
169 1548 267 1609 aestus
292 1543 417 1610 febrilis.
468 1548 526 1611 Nec
550 1547 710 1629 quicquam
729 1545 810 1609 aliud
834 1545 963 1608 effecisse
982 1545 1119 1620 videtur,
1138 1545 1199 1608 uisi

58 1662 106 1734 ut,
132 1664 164 1723 et
186 1657 256 1724 alibi
282 1661 368 1724 etin
391 1661 456 1746 ipst
486 1661 558 1725 adeo
583 1662 698 1736 nisit,
728 1660 961 1724 moderatiorum
983 1660 1118 1724 omnium
1148 1656 1197 1723 vel

59 1770 140 1835 risus
161 1773 307 1837 excitaret
329 1773 377 1838 vel
399 1775 634 1840 miserationem.

107 1886 250 1951 Universa
272 1909 304 1951 re
326 1893 478 1974 spectati,
504 1913 542 1956 ne
565 1912 619 1976 per
637 1890 909 1956 vehementissimas
921 1889 1056 1974 quidem,
1070 1888 1193 1972 quibus,

62 2021 88 2064 a.
117 2001 363 2080 tres-1813,
388 2009 490 2068 nostra
509 2005 619 2089 jactata
642 2011 687 2070 est
710 2005 825 2081 Patris,
850 2025 950 2069 rerum
969 2001 1105 2067 civilium
1124 2023 1197 2067 con·

62 2115 215 2179 versiones
238 2116 274 2180 de
297 2115 419 2202 lingnrae
438 2119 559 2183 Latinae
571 2117 692 2203 juribus
707 2119 882 2183 academicis
897 2119 1058 2200 quicquam
1073 2137 1197 2202 magno·

60 2249 133 2311 pere
155 2230 322 2296 detractum
345 2237 401 2297 est.
435 2233 520 2308 Quod
546 2240 577 2297 et
600 2232 722 2297 aliunde
745 2237 872 2310 condat,
889 2237 919 2296 et
937 2230 1107 2295 luculenter
1122 2233 1194 2295 Aca·

61 2341 228 2408 demissum
258 2366 296 2409 ex
326 2347 518 2412 Ordinatione
552 2353 693 2433 apparet,
726 2368 819 2430 quae,
852 2347 992 2411 restitute
1016 2347 1051 2409 in
1084 2345 1195 2409 Neder·

60 2453 181 2534 landis,
210 2458 243 2522 in
269 2458 428 2524 consilium
453 2461 604 2527 advocatis
632 2465 668 2526 ll.
701 2461 881 2526 Collotio
911 2461 1120 2544 d'Lscury‚
1156 2461 1193 2525 Η.

61 2569 212 2648 Tollio,
247 2574 274 2636 J.
300 2575 338 2638 Μ.
371 2576 582 2659 Kempero‚
606 2579 643 2642 li.
676 2574 950 2660 bluntinghio‚
984 2576 1021 2639 u.
1045 2575 1073 2637 t.
1110 2576 1195 2638 Len·

57 2685 178 2769 nepio
211 2685 337 2769 aliisque
370 2687 446 2752 Viris
476 2687 644 2773 primariis,
678 2689 711 2753 d.
738 2691 757 2751 2
782 2691 912 2774 August.
937 2708 966 2750 a.
997 2687 1084 2750 1815
1108 2686 1193 2771 regio

56 2799 172 2862 sancita
196 2804 241 2864 est
262 2801 388 2866 decreto.
437 2800 532 2886 llujus
555 2802 636 2866 euim
665 2802 792 2867 articulo
816 2803 874 2882 66,
897 2800 988 2864 sicuti
1010 2807 1100 2863 antec
1123 2803 1192 2886 fac·

58 2920 121 2976 tam
143 2921 209 2978 erat
230 2912 295 2997 (2),
322 2916 365 2979 ita
388 2936 499 3000 porro,
524 2916 599 2979 aliis
624 2915 751 2980 ecclesis
773 2914 906 2998 linquis,
931 2911 1132 2976 institutionis
1155 2911 1192 2975 sd

57 3046 148 3091 usum
169 3026 262 3091 solam
284 3028 425 3095 adbibere
451 3030 585 3093 Latinam
609 3030 759 3095 variorum
781 3027 927 3094 Ordinum
951 3025 1099 3110 jubentur
1120 3027 1193 3089 Pro*

54 3140 195 3206 sessores.
243 3143 308 3217 Qun
342 3149 441 3207 tamen
470 3141 537 3228 lege
568 3142 623 3222 (ita
636 3144 732 3208 xenirn
764 3141 878 3206 ibidem
907 3145 1053 3205 statutum
1082 3137 1191 3225 exstat)

56 3275 112 3319 neo
130 3255 327 3321 Litteraturae
348 3255 577 3321 Nederlandicae
602 3257 781 3322 Professores
802 3255 982 3320 tenebantur
1004 3275 1061 3318 nec
1084 3253 1193 3318 doctri·

55 3391 165 3434 uarum
188 3371 455 3436 oeconomicamm.
503 3372 600 3455 Atque
626 3370 698 3435 alias
719 3372 831 3451 etiarn,
857 3371 882 3433 si
906 3368 1025 3452 quando
1049 3368 1082 3432 id
1100 3389 1190 3452 expe·

54 3483 154 3559 diret,
178 3484 350 3570 excipiendi
371 3485 520 3550 doctrinas
549 3487 635 3570 copia
657 3484 782 3550 dabatur
805 3482 1006 3549 Curatoribus.
1043 3484 1103 3546 Nec
1119 3503 1189 3546 vero

48 3639 219 3651 —-—-.—.

85 3738 128 3801 (1)
146 3736 225 3787 Vidd.
244 3753 309 3803 quae
327 3738 440 3790 diximus
460 3738 486 3789 iu
511 3736 591 3790 Acud.
613 3737 679 3790 Geir.
703 3737 785 3798 Hire,
804 3737 878 3789 Tom.
894 3737 931 3793 11,
951 3753 974 3802 p.
997 3737 1056 3786 447.
1078 3759 1109 3768 -
1129 3735 1188 3798 Qut

48 3837 141 3882 eontra
158 3832 292 3882 severitate
310 3847 339 3882 ae
358 3835 500 3884 constantie
517 3830 547 3880 L.
561 3831 593 3881 L.
611 3847 687 3882 usum
707 3833 827 3895 antiquae
846 3837 949 3880 nostrae
970 3835 1101 3879 tuerentur
1119 3828 1188 3878 Aca·

48 3925 163 3986 demiaa,
185 3923 269 3976 ididam
290 3925 435 3990 archetypis
459 3941 491 3976 ex
516 3925 686 3976 monumentis
704 3923 904 3982 declaravimus,
930 3921 1049 3978 Tomi,
1073 3936 1097 3984 p.
1117 3923 1184 3977 373,

48 4020 128 4070 Tom.
146 4019 186 4076 11,
204 4034 229 4084 p.
248 4023 308 4079 rot,
326 4022 384 4067 406.
410 4016 523 4068 (laeteris
541 4019 608 4068 enim
627 4016 727 4067 Patriae
745 4015 894 4065 Academiis
911 4028 965 4064 non
983 4013 1033 4063 alia
1045 4013 1084 4061 bic
1097 4010 1185 4071 tuisse,

47 4122 131 4179 qnam
150 4108 269 4170 Gelricce,
285 4112 368 4162 studia
384 4109 520 4161 luculentis
538 4111 600 4160 mihi
618 4109 731 4160 constitit
748 4105 915 4165 documentis.

85 4205 124 4268 (2)
143 4204 229 4258 Htcce
247 4205 299 4258 lara
313 4205 371 4268 lega
391 4206 485 4255 diserte
502 4203 597 4254 retineri
616 4204 709 4254 dieitur
725 4210 841 4266 receptus
858 4200 889 4250 L.
909 4197 939 4248 L.
959 4212 1027 4249 usus.

1019 4287 1058 4351 ld
