<?xml version="1.0" encoding="UTF-8"?>
<!DOCTYPE html PUBLIC "-//W3C//DTD XHTML 1.0 Transitional//EN"
    "http://www.w3.org/TR/xhtml1/DTD/xhtml1-transitional.dtd">
<html xmlns="http://www.w3.org/1999/xhtml" xml:lang="en" lang="en">
 <head>
  <title>
</title>
<meta http-equiv="Content-Type" content="text/html;charset=utf-8" />
  <meta name='ocr-system' content='tesseract 3.04.00' />
  <meta name='ocr-capabilities' content='ocr_page ocr_carea ocr_par ocr_line ocrx_word'/>
</head>
<body>
  <div class='ocr_page' id='page_1' title='image "./chartaetheologi00boumgoog_0351.png"; bbox 0 0 2782 4958; ppageno 0'>
   <div class='ocr_carea' id='block_1_1' title="bbox 141 345 785 410">
    <p class='ocr_par' dir='ltr' id='par_1_1' title="bbox 141 345 785 410">
     <span class='ocr_line' id='line_1_1' title="bbox 141 345 785 410; baseline 0.005 -4"><span class='ocrx_word' id='word_1_1' title='bbox 141 345 203 410; x_wconf 80' lang='lat' dir='ltr'><strong>tro</strong></span> <span class='ocrx_word' id='word_1_2' title='bbox 631 363 785 409; x_wconf 83' lang='lat' dir='ltr'><strong>nrsroarn</strong></span> 
     </span>
    </p>
   </div>
   <div class='ocr_carea' id='block_1_2' title="bbox 132 531 1256 1985">
    <p class='ocr_par' dir='ltr' id='par_1_2' title="bbox 133 531 1249 841">
     <span class='ocr_line' id='line_1_2' title="bbox 137 531 1248 619; baseline 0.005 -23"><span class='ocrx_word' id='word_1_3' title='bbox 137 533 321 606; x_wconf 73' lang='lat' dir='ltr'><strong>deMere&#39;d,</strong></span> <span class='ocrx_word' id='word_1_4' title='bbox 347 531 460 594; x_wconf 68' lang='lat' dir='ltr'><strong>deseri</strong></span> <span class='ocrx_word' id='word_1_5' title='bbox 497 553 610 606; x_wconf 79' lang='lat' dir='ltr'><strong>serore,</strong></span> <span class='ocrx_word' id='word_1_6' title='bbox 644 538 781 596; x_wconf 76' lang='lat' dir='ltr'><strong>narrante</strong></span> <span class='ocrx_word' id='word_1_7' title='bbox 812 532 971 598; x_wconf 81' lang='lat' dir='ltr'><strong>Metttceo</strong></span> <span class='ocrx_word' id='word_1_8' title='bbox 994 535 1067 619; x_wconf 83' lang='lat' dir='ltr'><strong>Cap.</strong></span> <span class='ocrx_word' id='word_1_9' title='bbox 1094 537 1181 600; x_wconf 86' lang='lat' dir='ltr'><strong>XXVl.</strong></span> <span class='ocrx_word' id='word_1_10' title='bbox 1203 539 1248 613; x_wconf 76' lang='lat' dir='ltr'><strong>lt,</strong></span> 
     </span>
     <span class='ocr_line' id='line_1_3' title="bbox 134 643 1249 728; baseline 0.005 -20"><span class='ocrx_word' id='word_1_11' title='bbox 134 645 248 708; x_wconf 79' lang='lat' dir='ltr'><strong>dixerat</strong></span> <span class='ocrx_word' id='word_1_12' title='bbox 271 645 417 725; x_wconf 84' lang='lat' dir='ltr'><strong>Christus,</strong></span> <span class='ocrx_word' id='word_1_13' title='bbox 441 643 543 728; x_wconf 75' lang='lat' dir='ltr'><strong>aliqud</strong></span> <span class='ocrx_word' id='word_1_14' title='bbox 565 665 634 709; x_wconf 90' lang='lat' dir='ltr'><strong>cnm</strong></span> <span class='ocrx_word' id='word_1_15' title='bbox 657 646 866 711; x_wconf 79' lang='lat' dir='ltr'><strong>immutatione</strong></span> <span class='ocrx_word' id='word_1_16' title='bbox 889 669 958 712; x_wconf 87' lang='lat' dir='ltr'><strong>snos</strong></span> <span class='ocrx_word' id='word_1_17' title='bbox 981 649 1013 712; x_wconf 94' lang='lat' dir='ltr'><strong>in</strong></span> <span class='ocrx_word' id='word_1_18' title='bbox 1037 670 1112 713; x_wconf 88' lang='lat' dir='ltr'><strong>usus</strong></span> <span class='ocrx_word' id='word_1_19' title='bbox 1134 652 1249 714; x_wconf 86' lang='lat' dir='ltr'><strong>conferre</strong></span> 
     </span>
     <span class='ocr_line' id='line_1_4' title="bbox 133 756 504 841; baseline 0 -21"><span class='ocrx_word' id='word_1_20' title='bbox 133 761 185 821; x_wconf 89' lang='lat' dir='ltr'><strong>aut</strong></span> <span class='ocrx_word' id='word_1_21' title='bbox 207 757 309 841; x_wconf 91' lang='lat' dir='ltr'><strong>potins</strong></span> <span class='ocrx_word' id='word_1_22' title='bbox 332 756 504 841; x_wconf 79' lang='lat' dir='ltr'><strong>compilare.</strong></span> 
     </span>
    </p>

    <p class='ocr_par' dir='ltr' id='par_1_3' title="bbox 132 869 1256 1985">
     <span class='ocr_line' id='line_1_5' title="bbox 178 869 1253 962; baseline 0.008 -27"><span class='ocrx_word' id='word_1_23' title='bbox 178 872 237 937; x_wconf 85' lang='lat' dir='ltr'><strong>Sed</strong></span> <span class='ocrx_word' id='word_1_24' title='bbox 263 869 371 935; x_wconf 87' lang='lat' dir='ltr'><strong>elarius</strong></span> <span class='ocrx_word' id='word_1_25' title='bbox 404 872 494 934; x_wconf 87' lang='lat' dir='ltr'><strong>etiam</strong></span> <span class='ocrx_word' id='word_1_26' title='bbox 526 871 591 954; x_wconf 87' lang='lat' dir='ltr'><strong>ejus</strong></span> <span class='ocrx_word' id='word_1_27' title='bbox 618 873 791 958; x_wconf 86' lang='lat' dir='ltr'>ingenium,</span> <span class='ocrx_word' id='word_1_28' title='bbox 827 876 909 958; x_wconf 92' lang='lat' dir='ltr'><strong>quod</strong></span> <span class='ocrx_word' id='word_1_29' title='bbox 938 878 1047 941; x_wconf 82' lang='lat' dir='ltr'><strong>ibidem</strong></span> <span class='ocrx_word' id='word_1_30' title='bbox 1076 880 1253 962; x_wconf 88' lang='lat' dir='ltr'><strong>postmodun</strong></span> 
     </span>
     <span class='ocr_line' id='line_1_6' title="bbox 133 985 1256 1075; baseline 0.005 -23"><span class='ocrx_word' id='word_1_31' title='bbox 133 992 243 1052; x_wconf 76' lang='lat' dir='ltr'><strong>Aeetae</strong></span> <span class='ocrx_word' id='word_1_32' title='bbox 264 985 383 1061; x_wconf 80' lang='lat' dir='ltr'><strong>tribuit,</strong></span> <span class='ocrx_word' id='word_1_33' title='bbox 409 990 513 1049; x_wconf 88' lang='lat' dir='ltr'><strong>votnm</strong></span> <span class='ocrx_word' id='word_1_34' title='bbox 536 986 679 1050; x_wconf 85' lang='lat' dir='ltr'><strong>ostendit.</strong></span> <span class='ocrx_word' id='word_1_35' title='bbox 714 988 860 1053; x_wconf 84' lang='lat' dir='ltr'><strong>Samuelis</strong></span> <span class='ocrx_word' id='word_1_36' title='bbox 883 990 1048 1075; x_wconf 88' lang='lat' dir='ltr'><strong>Prophetae</strong></span> <span class='ocrx_word' id='word_1_37' title='bbox 1066 1000 1256 1058; x_wconf 63' lang='lat' dir='ltr'><strong>materiense</strong></span> 
     </span>
     <span class='ocr_line' id='line_1_7' title="bbox 133 1099 1256 1191; baseline 0.009 -28"><span class='ocrx_word' id='word_1_38' title='bbox 133 1101 192 1186; x_wconf 90' lang='lat' dir='ltr'><strong>(sic</strong></span> <span class='ocrx_word' id='word_1_39' title='bbox 214 1099 308 1177; x_wconf 87' lang='lat' dir='ltr'><strong>enim,</strong></span> <span class='ocrx_word' id='word_1_40' title='bbox 332 1121 421 1182; x_wconf 90' lang='lat' dir='ltr'><strong>quam</strong></span> <span class='ocrx_word' id='word_1_41' title='bbox 444 1120 499 1162; x_wconf 88' lang='lat' dir='ltr'><strong>nos</strong></span> <span class='ocrx_word' id='word_1_42' title='bbox 521 1099 613 1186; x_wconf 75' lang='lat' dir='ltr'><strong>vulgo</strong></span> <span class='ocrx_word' id='word_1_43' title='bbox 633 1101 794 1178; x_wconf 79' lang='lat' dir='ltr'><strong>Hennam,</strong></span> <span class='ocrx_word' id='word_1_44' title='bbox 829 1125 891 1168; x_wconf 92' lang='lat' dir='ltr'><strong>non</strong></span> <span class='ocrx_word' id='word_1_45' title='bbox 920 1106 1071 1191; x_wconf 77' lang='lat' dir='ltr'><strong>adspiratt</strong></span> <span class='ocrx_word' id='word_1_46' title='bbox 1094 1129 1167 1172; x_wconf 89' lang='lat' dir='ltr'><strong>voce</strong></span> <span class='ocrx_word' id='word_1_47' title='bbox 1189 1110 1256 1172; x_wconf 91' lang='lat' dir='ltr'><strong>dice·</strong></span> 
     </span>
     <span class='ocr_line' id='line_1_8' title="bbox 133 1213 1255 1303; baseline 0.004 -23"><span class='ocrx_word' id='word_1_48' title='bbox 133 1213 206 1280; x_wconf 89' lang='lat' dir='ltr'><strong>bant</strong></span> <span class='ocrx_word' id='word_1_49' title='bbox 229 1213 313 1300; x_wconf 82' lang='lat' dir='ltr'>LXX)</span> <span class='ocrx_word' id='word_1_50' title='bbox 336 1213 453 1277; x_wconf 83' lang='lat' dir='ltr'><strong>solenni</strong></span> <span class='ocrx_word' id='word_1_51' title='bbox 476 1235 539 1276; x_wconf 89' lang='lat' dir='ltr'><strong>sese</strong></span> <span class='ocrx_word' id='word_1_52' title='bbox 561 1219 632 1278; x_wconf 90' lang='lat' dir='ltr'><strong>voto</strong></span> <span class='ocrx_word' id='word_1_53' title='bbox 658 1213 868 1292; x_wconf 80' lang='lat' dir='ltr'><strong>obstrinxerat,</strong></span> <span class='ocrx_word' id='word_1_54' title='bbox 883 1220 976 1303; x_wconf 77' lang='lat' dir='ltr'><strong>fitius</strong></span> <span class='ocrx_word' id='word_1_55' title='bbox 997 1221 1025 1283; x_wconf 92' lang='lat' dir='ltr'><strong>si</strong></span> <span class='ocrx_word' id='word_1_56' title='bbox 1052 1220 1113 1284; x_wconf 92' lang='lat' dir='ltr'><strong>sibi</strong></span> <span class='ocrx_word' id='word_1_57' title='bbox 1135 1222 1255 1300; x_wconf 85' lang='lat' dir='ltr'><strong>daretur,</strong></span> 
     </span>
     <span class='ocr_line' id='line_1_9' title="bbox 134 1327 1256 1410; baseline 0.006 -17"><span class='ocrx_word' id='word_1_58' title='bbox 134 1330 193 1393; x_wconf 76' lang='lat' dir='ltr'><strong>lieo</strong></span> <span class='ocrx_word' id='word_1_59' title='bbox 222 1327 304 1393; x_wconf 91' lang='lat' dir='ltr'><strong>hunc</strong></span> <span class='ocrx_word' id='word_1_60' title='bbox 329 1349 360 1391; x_wconf 89' lang='lat' dir='ltr'><strong>se</strong></span> <span class='ocrx_word' id='word_1_61' title='bbox 389 1349 452 1392; x_wconf 90' lang='lat' dir='ltr'><strong>esse</strong></span> <span class='ocrx_word' id='word_1_62' title='bbox 480 1334 729 1394; x_wconf 81' lang='lat' dir='ltr'><strong>consecraturum.</strong></span> <span class='ocrx_word' id='word_1_63' title='bbox 777 1331 842 1394; x_wconf 84' lang='lat' dir='ltr'><strong>vid.</strong></span> <span class='ocrx_word' id='word_1_64' title='bbox 877 1335 894 1396; x_wconf 95' lang='lat'>1</span> <span class='ocrx_word' id='word_1_65' title='bbox 920 1332 1000 1397; x_wconf 79' lang='lat' dir='ltr'><strong>Sem.</strong></span> <span class='ocrx_word' id='word_1_66' title='bbox 1025 1335 1049 1398; x_wconf 90' lang='lat' dir='ltr'><strong>l.</strong></span> <span class='ocrx_word' id='word_1_67' title='bbox 1080 1337 1137 1410; x_wconf 87' lang='lat' dir='ltr'><strong>ll,</strong></span> <span class='ocrx_word' id='word_1_68' title='bbox 1161 1334 1256 1400; x_wconf 83' lang='lat' dir='ltr'><strong>oollatt</strong></span> 
     </span>
     <span class='ocr_line' id='line_1_10' title="bbox 134 1444 1254 1532; baseline 0.006 -25"><span class='ocrx_word' id='word_1_69' title='bbox 134 1444 243 1507; x_wconf 77' lang='lat' dir='ltr'><strong>itidem</strong></span> <span class='ocrx_word' id='word_1_70' title='bbox 260 1449 330 1508; x_wconf 86' lang='lat' dir='ltr'><strong>sect</strong></span> <span class='ocrx_word' id='word_1_71' title='bbox 350 1446 390 1510; x_wconf 70' lang='lat' dir='ltr'><strong>tl</strong></span> <span class='ocrx_word' id='word_1_72' title='bbox 416 1465 460 1526; x_wconf 86' lang='lat' dir='ltr'><strong>sq.</strong></span> <span class='ocrx_word' id='word_1_73' title='bbox 507 1445 568 1506; x_wconf 88' lang='lat' dir='ltr'><strong>Hoc</strong></span> <span class='ocrx_word' id='word_1_74' title='bbox 591 1464 662 1507; x_wconf 90' lang='lat' dir='ltr'><strong>vero</strong></span> <span class='ocrx_word' id='word_1_75' title='bbox 685 1445 728 1508; x_wconf 88' lang='lat' dir='ltr'><strong>ita</strong></span> <span class='ocrx_word' id='word_1_76' title='bbox 754 1449 856 1508; x_wconf 89' lang='lat' dir='ltr'><strong>nostra</strong></span> <span class='ocrx_word' id='word_1_77' title='bbox 879 1444 952 1509; x_wconf 89' lang='lat' dir='ltr'><strong>haec</strong></span> <span class='ocrx_word' id='word_1_78' title='bbox 973 1446 1142 1532; x_wconf 85' lang='lat' dir='ltr'><strong>amplificat</strong></span> <span class='ocrx_word' id='word_1_79' title='bbox 1162 1455 1254 1530; x_wconf 74' lang='lat' dir='ltr'><strong>Anna,</strong></span> 
     </span>
     <span class='ocr_line' id='line_1_11' title="bbox 134 1557 1253 1650; baseline 0.006 -28"><span class='ocrx_word' id='word_1_80' title='bbox 134 1564 169 1622; x_wconf 90' lang='lat' dir='ltr'><strong>ut</strong></span> <span class='ocrx_word' id='word_1_81' title='bbox 183 1558 263 1621; x_wconf 92' lang='lat' dir='ltr'><strong>idem</strong></span> <span class='ocrx_word' id='word_1_82' title='bbox 282 1578 344 1620; x_wconf 90' lang='lat' dir='ltr'><strong>sese</strong></span> <span class='ocrx_word' id='word_1_83' title='bbox 364 1557 508 1621; x_wconf 89' lang='lat' dir='ltr'><strong>facturam</strong></span> <span class='ocrx_word' id='word_1_84' title='bbox 526 1558 667 1641; x_wconf 88' lang='lat' dir='ltr'><strong>recipiat,</strong></span> <span class='ocrx_word' id='word_1_85' title='bbox 687 1558 749 1622; x_wconf 89' lang='lat' dir='ltr'><strong>sive</strong></span> <span class='ocrx_word' id='word_1_86' title='bbox 763 1559 868 1643; x_wconf 82' lang='lat' dir='ltr'><strong>filium</strong></span> <span class='ocrx_word' id='word_1_87' title='bbox 897 1563 1071 1645; x_wconf 80' lang='lat' dir='ltr'><strong>peperisset,</strong></span> <span class='ocrx_word' id='word_1_88' title='bbox 1095 1566 1253 1650; x_wconf 78' lang='lat' dir='ltr'><strong>reufib&#39;arn</strong></span> 
     </span>
     <span class='ocr_line' id='line_1_12' title="bbox 134 1669 1255 1760; baseline 0.005 -25"><span class='ocrx_word' id='word_1_89' title='bbox 134 1673 205 1735; x_wconf 90' lang='lat' dir='ltr'><strong>Sine</strong></span> <span class='ocrx_word' id='word_1_90' title='bbox 227 1673 288 1753; x_wconf 77' lang='lat' dir='ltr'><strong>qud</strong></span> <span class='ocrx_word' id='word_1_91' title='bbox 304 1692 373 1734; x_wconf 91' lang='lat' dir='ltr'><strong>sane</strong></span> <span class='ocrx_word' id='word_1_92' title='bbox 395 1669 638 1754; x_wconf 85' lang='lat' dir='ltr'><strong>amplificatione,</strong></span> <span class='ocrx_word' id='word_1_93' title='bbox 662 1671 744 1754; x_wconf 93' lang='lat' dir='ltr'><strong>qnod</strong></span> <span class='ocrx_word' id='word_1_94' title='bbox 766 1693 821 1735; x_wconf 92' lang='lat' dir='ltr'><strong>suo</strong></span> <span class='ocrx_word' id='word_1_95' title='bbox 844 1672 880 1736; x_wconf 91' lang='lat' dir='ltr'><strong>de</strong></span> <span class='ocrx_word' id='word_1_96' title='bbox 890 1676 964 1758; x_wconf 78' lang='lat' dir='ltr'><strong>filio</strong></span> <span class='ocrx_word' id='word_1_97' title='bbox 986 1674 1136 1740; x_wconf 80' lang='lat' dir='ltr'><strong>Samuelis</strong></span> <span class='ocrx_word' id='word_1_98' title='bbox 1159 1679 1255 1760; x_wconf 88' lang='lat' dir='ltr'><strong>promi·</strong></span> 
     </span>
     <span class='ocr_line' id='line_1_13' title="bbox 133 1784 1254 1873; baseline 0.004 -22"><span class='ocrx_word' id='word_1_99' title='bbox 133 1792 211 1851; x_wconf 90' lang='lat' dir='ltr'><strong>serat</strong></span> <span class='ocrx_word' id='word_1_100' title='bbox 232 1792 339 1862; x_wconf 91' lang='lat' dir='ltr'><strong>mater,</strong></span> <span class='ocrx_word' id='word_1_101' title='bbox 353 1785 400 1849; x_wconf 81' lang='lat' dir='ltr'><strong>ad</strong></span> <span class='ocrx_word' id='word_1_102' title='bbox 424 1785 560 1849; x_wconf 77' lang='lat' dir='ltr'><strong>Meriana</strong></span> <span class='ocrx_word' id='word_1_103' title='bbox 582 1784 799 1849; x_wconf 84' lang='lat' dir='ltr'><strong>accommodari</strong></span> <span class='ocrx_word' id='word_1_104' title='bbox 826 1808 887 1850; x_wconf 92' lang='lat' dir='ltr'><strong>non</strong></span> <span class='ocrx_word' id='word_1_105' title='bbox 910 1793 1036 1873; x_wconf 92' lang='lat' dir='ltr'><strong>poterat.</strong></span> <span class='ocrx_word' id='word_1_106' title='bbox 1072 1791 1134 1855; x_wconf 87' lang='lat' dir='ltr'><strong>Sed</strong></span> <span class='ocrx_word' id='word_1_107' title='bbox 1154 1797 1254 1855; x_wconf 88' lang='lat' dir='ltr'><strong>caetera</strong></span> 
     </span>
     <span class='ocr_line' id='line_1_14' title="bbox 132 1899 1253 1985; baseline 0.003 -20"><span class='ocrx_word' id='word_1_108' title='bbox 132 1903 222 1966; x_wconf 90' lang='lat' dir='ltr'><strong>etiam</strong></span> <span class='ocrx_word' id='word_1_109' title='bbox 244 1901 382 1966; x_wconf 86' lang='lat' dir='ltr'><strong>uberiora</strong></span> <span class='ocrx_word' id='word_1_110' title='bbox 400 1921 464 1963; x_wconf 89' lang='lat' dir='ltr'><strong>eam</strong></span> <span class='ocrx_word' id='word_1_111' title='bbox 479 1899 612 1963; x_wconf 88' lang='lat' dir='ltr'><strong>facienda</strong></span> <span class='ocrx_word' id='word_1_112' title='bbox 630 1901 762 1982; x_wconf 69' lang='lat' dir='ltr'><strong>putrere,</strong></span> <span class='ocrx_word' id='word_1_113' title='bbox 780 1902 938 1985; x_wconf 86' lang='lat' dir='ltr'><strong>utriusque</strong></span> <span class='ocrx_word' id='word_1_114' title='bbox 959 1902 1018 1967; x_wconf 92' lang='lat' dir='ltr'><strong>loci</strong></span> <span class='ocrx_word' id='word_1_115' title='bbox 1033 1902 1156 1970; x_wconf 88' lang='lat' dir='ltr'><strong>collatio</strong></span> <span class='ocrx_word' id='word_1_116' title='bbox 1170 1906 1253 1970; x_wconf 89' lang='lat' dir='ltr'><strong>docet.</strong></span> 
     </span>
    </p>
   </div>
   <div class='ocr_carea' id='block_1_3' title="bbox 132 2119 1272 2331">
    <p class='ocr_par' dir='ltr' id='par_1_4' title="bbox 132 2119 1272 2331">
     <span class='ocr_line' id='line_1_15' title="bbox 179 2119 1272 2217; baseline 0.001 -22"><span class='ocrx_word' id='word_1_117' title='bbox 179 2132 284 2210; x_wconf 80' lang='lat' dir='ltr'><strong>Capite</strong></span> <span class='ocrx_word' id='word_1_118' title='bbox 315 2133 349 2195; x_wconf 91' lang='lat' dir='ltr'><strong>Vl</strong></span> <span class='ocrx_word' id='word_1_119' title='bbox 382 2150 501 2194; x_wconf 89' lang='lat' dir='ltr'><strong>carmen</strong></span> <span class='ocrx_word' id='word_1_120' title='bbox 531 2128 671 2210; x_wconf 89' lang='lat' dir='ltr'><strong>refertur,</strong></span> <span class='ocrx_word' id='word_1_121' title='bbox 704 2126 793 2192; x_wconf 90' lang='lat' dir='ltr'><strong>breve</strong></span> <span class='ocrx_word' id='word_1_122' title='bbox 823 2133 924 2193; x_wconf 90' lang='lat' dir='ltr'><strong>tamen</strong></span> <span class='ocrx_word' id='word_1_123' title='bbox 954 2130 1043 2206; x_wconf 91' lang='lat' dir='ltr'><strong>illud,</strong></span> <span class='ocrx_word' id='word_1_124' title='bbox 1077 2134 1172 2216; x_wconf 92' lang='lat' dir='ltr'><strong>quod,</strong></span> <span class='ocrx_word' id='word_1_125' title='bbox 1203 2119 1272 2217; x_wconf 82' lang='lat' dir='ltr'><strong>qno</strong></span> 
     </span>
     <span class='ocr_line' id='line_1_16' title="bbox 132 2241 1247 2331; baseline -0.001 -20"><span class='ocrx_word' id='word_1_126' title='bbox 132 2250 265 2331; x_wconf 91' lang='lat' dir='ltr'><strong>tempore</strong></span> <span class='ocrx_word' id='word_1_127' title='bbox 287 2247 418 2331; x_wconf 92' lang='lat' dir='ltr'><strong>primum</strong></span> <span class='ocrx_word' id='word_1_128' title='bbox 441 2244 545 2307; x_wconf 84' lang='lat' dir='ltr'><strong>aetatis</strong></span> <span class='ocrx_word' id='word_1_129' title='bbox 572 2262 685 2307; x_wconf 90' lang='lat' dir='ltr'><strong>annum</strong></span> <span class='ocrx_word' id='word_1_130' title='bbox 708 2241 817 2307; x_wconf 92' lang='lat' dir='ltr'><strong>tenella</strong></span> <span class='ocrx_word' id='word_1_131' title='bbox 840 2244 1042 2329; x_wconf 88' lang='lat' dir='ltr'><strong>compleverat</strong></span> <span class='ocrx_word' id='word_1_132' title='bbox 1071 2247 1135 2312; x_wconf 87' lang='lat' dir='ltr'><strong>filia</strong></span> <span class='ocrx_word' id='word_1_133' title='bbox 1162 2249 1247 2323; x_wconf 84' lang='lat' dir='ltr'><strong>Maria,</strong></span> 
     </span>
    </p>
   </div>
   <div class='ocr_carea' id='block_1_4' title="bbox 130 2355 1250 3335">
    <p class='ocr_par' dir='ltr' id='par_1_5' title="bbox 130 2355 1250 3335">
     <span class='ocr_line' id='line_1_17' title="bbox 132 2355 1249 2426; baseline 0 -2"><span class='ocrx_word' id='word_1_134' title='bbox 132 2362 186 2425; x_wconf 82' lang='lat' dir='ltr'><strong>oei</strong></span> <span class='ocrx_word' id='word_1_135' title='bbox 211 2361 243 2422; x_wconf 93' lang='lat' dir='ltr'><strong>in</strong></span> <span class='ocrx_word' id='word_1_136' title='bbox 267 2359 410 2422; x_wconf 91' lang='lat' dir='ltr'><strong>honorem</strong></span> <span class='ocrx_word' id='word_1_137' title='bbox 433 2355 577 2421; x_wconf 83' lang='lat' dir='ltr'><strong>cecinerit</strong></span> <span class='ocrx_word' id='word_1_138' title='bbox 602 2361 696 2421; x_wconf 85' lang='lat' dir='ltr'><strong>meter</strong></span> <span class='ocrx_word' id='word_1_139' title='bbox 721 2358 817 2420; x_wconf 79' lang='lat' dir='ltr'><strong>Anna.</strong></span> <span class='ocrx_word' id='word_1_140' title='bbox 865 2359 924 2422; x_wconf 91' lang='lat' dir='ltr'><strong>Nec</strong></span> <span class='ocrx_word' id='word_1_141' title='bbox 950 2358 1070 2423; x_wconf 92' lang='lat' dir='ltr'><strong>mirum.</strong></span> <span class='ocrx_word' id='word_1_142' title='bbox 1119 2363 1249 2426; x_wconf 80' lang='lat' dir='ltr'><strong>Ceeinise</strong></span> 
     </span>
     <span class='ocr_line' id='line_1_18' title="bbox 132 2470 1248 2557; baseline 0.003 -22"><span class='ocrx_word' id='word_1_143' title='bbox 132 2473 213 2537; x_wconf 89' lang='lat' dir='ltr'><strong>enim</strong></span> <span class='ocrx_word' id='word_1_144' title='bbox 239 2473 388 2557; x_wconf 83' lang='lat' dir='ltr'><strong>virginem</strong></span> <span class='ocrx_word' id='word_1_145' title='bbox 409 2492 446 2534; x_wconf 84' lang='lat' dir='ltr'><strong>ex</strong></span> <span class='ocrx_word' id='word_1_146' title='bbox 468 2470 566 2534; x_wconf 67' lang='lat' dir='ltr'><strong>Meae</strong></span> <span class='ocrx_word' id='word_1_147' title='bbox 582 2472 651 2555; x_wconf 86' lang='lat' dir='ltr'><strong>Cap.</strong></span> <span class='ocrx_word' id='word_1_148' title='bbox 675 2473 706 2534; x_wconf 94' lang='lat' dir='ltr'><strong>ll.</strong></span> <span class='ocrx_word' id='word_1_149' title='bbox 729 2473 771 2535; x_wconf 75' lang='lat' dir='ltr'><strong>lo</strong></span> <span class='ocrx_word' id='word_1_150' title='bbox 783 2492 848 2554; x_wconf 91' lang='lat' dir='ltr'><strong>sqq.</strong></span> <span class='ocrx_word' id='word_1_151' title='bbox 865 2480 988 2538; x_wconf 86' lang='lat' dir='ltr'><strong>noverat</strong></span> <span class='ocrx_word' id='word_1_152' title='bbox 1005 2477 1126 2540; x_wconf 79' lang='lat' dir='ltr'><strong>Auctor.</strong></span> <span class='ocrx_word' id='word_1_153' title='bbox 1151 2477 1248 2553; x_wconf 83' lang='lat' dir='ltr'><strong>Quidni</strong></span> 
     </span>
     <span class='ocr_line' id='line_1_19' title="bbox 133 2583 1248 2670; baseline 0.004 -21"><span class='ocrx_word' id='word_1_154' title='bbox 133 2584 225 2670; x_wconf 89' lang='lat' dir='ltr'><strong>hujus</strong></span> <span class='ocrx_word' id='word_1_155' title='bbox 246 2589 326 2649; x_wconf 87' lang='lat' dir='ltr'><strong>certe</strong></span> <span class='ocrx_word' id='word_1_156' title='bbox 349 2585 470 2669; x_wconf 90' lang='lat' dir='ltr'><strong>pietatis</strong></span> <span class='ocrx_word' id='word_1_157' title='bbox 490 2585 602 2648; x_wconf 89' lang='lat' dir='ltr'><strong>sociam</strong></span> <span class='ocrx_word' id='word_1_158' title='bbox 624 2589 712 2668; x_wconf 86' lang='lat' dir='ltr'><strong>atque</strong></span> <span class='ocrx_word' id='word_1_159' title='bbox 734 2583 882 2649; x_wconf 88' lang='lat' dir='ltr'><strong>aemulam</strong></span> <span class='ocrx_word' id='word_1_160' title='bbox 900 2586 1008 2651; x_wconf 88' lang='lat' dir='ltr'><strong>faceret</strong></span> <span class='ocrx_word' id='word_1_161' title='bbox 1028 2591 1178 2655; x_wconf 77' lang='lat' dir='ltr'><strong>matrem?</strong></span> <span class='ocrx_word' id='word_1_162' title='bbox 1207 2592 1248 2654; x_wconf 88' lang='lat' dir='ltr'><strong>lle·</strong></span> 
     </span>
     <span class='ocr_line' id='line_1_20' title="bbox 130 2697 1249 2785; baseline 0.003 -23"><span class='ocrx_word' id='word_1_163' title='bbox 130 2721 198 2763; x_wconf 92' lang='lat' dir='ltr'><strong>rum</strong></span> <span class='ocrx_word' id='word_1_164' title='bbox 228 2721 290 2762; x_wconf 92' lang='lat' dir='ltr'><strong>uon</strong></span> <span class='ocrx_word' id='word_1_165' title='bbox 319 2705 380 2762; x_wconf 89' lang='lat' dir='ltr'><strong>tam</strong></span> <span class='ocrx_word' id='word_1_166' title='bbox 404 2697 495 2782; x_wconf 90' lang='lat' dir='ltr'><strong>hujus</strong></span> <span class='ocrx_word' id='word_1_167' title='bbox 523 2700 653 2775; x_wconf 91' lang='lat' dir='ltr'><strong>cantici,</strong></span> <span class='ocrx_word' id='word_1_168' title='bbox 686 2720 776 2782; x_wconf 92' lang='lat' dir='ltr'><strong>qnam</strong></span> <span class='ocrx_word' id='word_1_169' title='bbox 802 2701 904 2785; x_wconf 87' lang='lat' dir='ltr'><strong>potins</strong></span> <span class='ocrx_word' id='word_1_170' title='bbox 936 2701 1051 2766; x_wconf 75' lang='lat' dir='ltr'><strong>Veteris</strong></span> <span class='ocrx_word' id='word_1_171' title='bbox 1079 2705 1158 2768; x_wconf 74' lang='lat' dir='ltr'><strong>Peet.</strong></span> <span class='ocrx_word' id='word_1_172' title='bbox 1182 2704 1249 2767; x_wconf 89' lang='lat' dir='ltr'><strong>locos</strong></span> 
     </span>
     <span class='ocr_line' id='line_1_21' title="bbox 130 2811 1247 2898; baseline 0.004 -22"><span class='ocrx_word' id='word_1_173' title='bbox 130 2812 181 2876; x_wconf 86' lang='lat' dir='ltr'><strong>htc</strong></span> <span class='ocrx_word' id='word_1_174' title='bbox 203 2811 262 2876; x_wconf 91' lang='lat' dir='ltr'><strong>sibi</strong></span> <span class='ocrx_word' id='word_1_175' title='bbox 284 2813 392 2876; x_wconf 85' lang='lat' dir='ltr'><strong>sumsit</strong></span> <span class='ocrx_word' id='word_1_176' title='bbox 406 2812 576 2878; x_wconf 89' lang='lat' dir='ltr'><strong>imitandos.</strong></span> <span class='ocrx_word' id='word_1_177' title='bbox 614 2815 648 2876; x_wconf 91' lang='lat' dir='ltr'><strong>ln</strong></span> <span class='ocrx_word' id='word_1_178' title='bbox 670 2812 780 2897; x_wconf 91' lang='lat' dir='ltr'><strong>quibus</strong></span> <span class='ocrx_word' id='word_1_179' title='bbox 800 2835 870 2898; x_wconf 88' lang='lat' dir='ltr'><strong>prae</strong></span> <span class='ocrx_word' id='word_1_180' title='bbox 892 2816 1016 2878; x_wconf 87' lang='lat' dir='ltr'><strong>caeteris</strong></span> <span class='ocrx_word' id='word_1_181' title='bbox 1035 2816 1128 2881; x_wconf 82' lang='lat' dir='ltr'><strong>Sarae</strong></span> <span class='ocrx_word' id='word_1_182' title='bbox 1148 2818 1247 2882; x_wconf 87' lang='lat' dir='ltr'><strong>dictum</strong></span> 
     </span>
     <span class='ocr_line' id='line_1_22' title="bbox 130 2927 1250 3004; baseline -0.001 -11"><span class='ocrx_word' id='word_1_183' title='bbox 130 2933 177 2993; x_wconf 88' lang='lat' dir='ltr'><strong>est</strong></span> <span class='ocrx_word' id='word_1_184' title='bbox 198 2927 394 3003; x_wconf 90' lang='lat' dir='ltr'><strong>censendum,</strong></span> <span class='ocrx_word' id='word_1_185' title='bbox 418 2929 666 2993; x_wconf 69' lang='lat' dir='ltr'><strong>demetunt.</strong></span> <span class='ocrx_word' id='word_1_186' title='bbox 716 2928 816 3004; x_wconf 80' lang='lat' dir='ltr'><strong>Quod,</strong></span> <span class='ocrx_word' id='word_1_187' title='bbox 838 2927 1109 2994; x_wconf 76' lang='lat' dir='ltr'><strong>Alexandrinorum</strong></span> <span class='ocrx_word' id='word_1_188' title='bbox 1135 2933 1250 2994; x_wconf 82' lang='lat' dir='ltr'><strong>maxime</strong></span> 
     </span>
     <span class='ocr_line' id='line_1_23' title="bbox 130 3041 1250 3126; baseline 0.005 -20"><span class='ocrx_word' id='word_1_189' title='bbox 130 3064 168 3106; x_wconf 85' lang='lat' dir='ltr'><strong>ex</strong></span> <span class='ocrx_word' id='word_1_190' title='bbox 185 3042 441 3125; x_wconf 85' lang='lat' dir='ltr'><strong>interpretatione,</strong></span> <span class='ocrx_word' id='word_1_191' title='bbox 466 3043 566 3105; x_wconf 78' lang='lat' dir='ltr'><strong>Annae</strong></span> <span class='ocrx_word' id='word_1_192' title='bbox 587 3041 736 3105; x_wconf 89' lang='lat' dir='ltr'><strong>huicvoci</strong></span> <span class='ocrx_word' id='word_1_193' title='bbox 752 3041 940 3106; x_wconf 90' lang='lat' dir='ltr'><strong>simillimum</strong></span> <span class='ocrx_word' id='word_1_194' title='bbox 961 3049 1024 3106; x_wconf 86' lang='lat' dir='ltr'><strong>est:</strong></span> <span class='ocrx_word' id='word_1_195' title='bbox 1043 3048 1104 3119; x_wconf 78' lang='grc' dir='ltr'><strong>Τίς</strong></span> <span class='ocrx_word' id='word_1_196' title='bbox 1120 3048 1250 3126; x_wconf 70' lang='lat' dir='ltr'><strong>etrepar-</strong></span> 
     </span>
     <span class='ocr_line' id='line_1_24' title="bbox 131 3155 1250 3241; baseline -0.002 -19"><span class='ocrx_word' id='word_1_197' title='bbox 131 3157 181 3222; x_wconf 69' lang='lat' dir='ltr'><strong>ter</strong></span> <span class='ocrx_word' id='word_1_198' title='bbox 198 3191 235 3203; x_wconf 91' lang='lat'>-</span> <span class='ocrx_word' id='word_1_199' title='bbox 255 3192 298 3203; x_wconf 87' lang='lat'><em>-</em></span> <span class='ocrx_word' id='word_1_200' title='bbox 311 3160 361 3222; x_wconf 81' lang='grc' dir='ltr'><strong>ὅτι</strong></span> <span class='ocrx_word' id='word_1_201' title='bbox 381 3157 501 3224; x_wconf 70' lang='lat' dir='ltr'><strong>”Arca</strong></span> <span class='ocrx_word' id='word_1_202' title='bbox 520 3156 673 3241; x_wconf 63' lang='grc' dir='ltr'><strong>θηλάζιυ</strong></span> <span class='ocrx_word' id='word_1_203' title='bbox 700 3155 785 3230; x_wconf 83' lang='lat' dir='ltr'><strong>Quod</strong></span> <span class='ocrx_word' id='word_1_204' title='bbox 809 3162 889 3221; x_wconf 83' lang='lat' dir='ltr'><strong>recte</strong></span> <span class='ocrx_word' id='word_1_205' title='bbox 910 3157 971 3240; x_wconf 85' lang='lat' dir='ltr'><strong>jam</strong></span> <span class='ocrx_word' id='word_1_206' title='bbox 992 3157 1029 3220; x_wconf 83' lang='lat' dir='ltr'><strong>ad</strong></span> <span class='ocrx_word' id='word_1_207' title='bbox 1049 3157 1083 3223; x_wconf 91' lang='lat' dir='ltr'><strong>h.</strong></span> <span class='ocrx_word' id='word_1_208' title='bbox 1108 3157 1131 3222; x_wconf 91' lang='lat' dir='ltr'><strong>l.</strong></span> <span class='ocrx_word' id='word_1_209' title='bbox 1154 3157 1250 3223; x_wconf 87' lang='lat' dir='ltr'><strong>Thilo</strong></span> 
     </span>
     <span class='ocr_line' id='line_1_25' title="bbox 130 3271 258 3335; baseline -0.008 0"><span class='ocrx_word' id='word_1_210' title='bbox 130 3271 258 3335; x_wconf 90' lang='lat' dir='ltr'><strong>notavit.</strong></span> 
     </span>
    </p>
   </div>
   <div class='ocr_carea' id='block_1_5' title="bbox 123 3498 1252 4506">
    <p class='ocr_par' dir='ltr' id='par_1_6' title="bbox 123 3498 1252 4506">
     <span class='ocr_line' id='line_1_26' title="bbox 172 3498 1252 3584; baseline -0.003 -16"><span class='ocrx_word' id='word_1_211' title='bbox 172 3504 275 3568; x_wconf 87' lang='lat' dir='ltr'><strong>Misere</strong></span> <span class='ocrx_word' id='word_1_212' title='bbox 296 3503 412 3567; x_wconf 89' lang='lat' dir='ltr'><strong>sitienti</strong></span> <span class='ocrx_word' id='word_1_213' title='bbox 434 3501 566 3584; x_wconf 71' lang='lat' dir='ltr'><strong>Hesperi,</strong></span> <span class='ocrx_word' id='word_1_214' title='bbox 592 3503 652 3565; x_wconf 85' lang='lat' dir='ltr'><strong>Deo</strong></span> <span class='ocrx_word' id='word_1_215' title='bbox 671 3498 810 3584; x_wconf 90' lang='lat' dir='ltr'><strong>jubente,</strong></span> <span class='ocrx_word' id='word_1_216' title='bbox 835 3521 926 3583; x_wconf 89' lang='lat' dir='ltr'><strong>aquae</strong></span> <span class='ocrx_word' id='word_1_217' title='bbox 953 3501 1066 3565; x_wconf 85' lang='lat' dir='ltr'><strong>fontem</strong></span> <span class='ocrx_word' id='word_1_218' title='bbox 1090 3503 1252 3568; x_wconf 89' lang='lat' dir='ltr'><strong>ostenderat</strong></span> 
     </span>
     <span class='ocr_line' id='line_1_27' title="bbox 127 3613 1251 3704; baseline 0.001 -23"><span class='ocrx_word' id='word_1_219' title='bbox 127 3620 282 3700; x_wconf 75' lang='lat' dir='ltr'><strong>Acpelae5</strong></span> <span class='ocrx_word' id='word_1_220' title='bbox 306 3616 442 3679; x_wconf 90' lang='lat' dir='ltr'><strong>Genes.</strong></span> <span class='ocrx_word' id='word_1_221' title='bbox 468 3616 535 3678; x_wconf 73' lang='lat' dir='ltr'><strong>xxi.</strong></span> <span class='ocrx_word' id='word_1_222' title='bbox 562 3615 737 3678; x_wconf 82' lang='lat' dir='ltr'><strong>19.-1n</strong></span> <span class='ocrx_word' id='word_1_223' title='bbox 761 3613 925 3679; x_wconf 90' lang='lat' dir='ltr'><strong>solitudine</strong></span> <span class='ocrx_word' id='word_1_224' title='bbox 947 3615 1106 3700; x_wconf 84' lang='lat' dir='ltr'><strong>degentem</strong></span> <span class='ocrx_word' id='word_1_225' title='bbox 1130 3618 1251 3704; x_wconf 86' lang='lat' dir='ltr'><strong>Prophe·</strong></span> 
     </span>
     <span class='ocr_line' id='line_1_28' title="bbox 125 3729 1251 3814; baseline 0.002 -18"><span class='ocrx_word' id='word_1_226' title='bbox 125 3738 187 3796; x_wconf 89' lang='lat' dir='ltr'><strong>tam</strong></span> <span class='ocrx_word' id='word_1_227' title='bbox 210 3732 313 3794; x_wconf 77' lang='lat' dir='ltr'><strong>Elium</strong></span> <span class='ocrx_word' id='word_1_228' title='bbox 336 3751 389 3814; x_wconf 92' lang='lat' dir='ltr'><strong>per</strong></span> <span class='ocrx_word' id='word_1_229' title='bbox 411 3751 518 3809; x_wconf 77' lang='lat' dir='ltr'><strong>ceruos,</strong></span> <span class='ocrx_word' id='word_1_230' title='bbox 536 3734 588 3792; x_wconf 88' lang='lat' dir='ltr'><strong>aut</strong></span> <span class='ocrx_word' id='word_1_231' title='bbox 610 3729 698 3793; x_wconf 93' lang='lat' dir='ltr'><strong>modo</strong></span> <span class='ocrx_word' id='word_1_232' title='bbox 722 3735 800 3794; x_wconf 87' lang='lat' dir='ltr'><strong>certe</strong></span> <span class='ocrx_word' id='word_1_233' title='bbox 823 3729 911 3814; x_wconf 93' lang='lat' dir='ltr'><strong>plane</strong></span> <span class='ocrx_word' id='word_1_234' title='bbox 926 3732 1177 3810; x_wconf 86' lang='lat' dir='ltr'><strong>extraordinario,</strong></span> <span class='ocrx_word' id='word_1_235' title='bbox 1202 3733 1251 3798; x_wconf 88' lang='lat' dir='ltr'><strong>ali·</strong></span> 
     </span>
     <span class='ocr_line' id='line_1_29' title="bbox 125 3844 1250 3930; baseline -0.001 -20"><span class='ocrx_word' id='word_1_236' title='bbox 125 3847 270 3930; x_wconf 87' lang='lat' dir='ltr'><strong>quamdiu</strong></span> <span class='ocrx_word' id='word_1_237' title='bbox 292 3845 485 3909; x_wconf 89' lang='lat' dir='ltr'><strong>nutriendum</strong></span> <span class='ocrx_word' id='word_1_238' title='bbox 509 3847 627 3908; x_wconf 78' lang='lat' dir='ltr'><strong>curtrat</strong></span> <span class='ocrx_word' id='word_1_239' title='bbox 649 3844 775 3917; x_wconf 82' lang='lat' dir='ltr'><strong>Jelrova;</strong></span> <span class='ocrx_word' id='word_1_240' title='bbox 806 3849 819 3908; x_wconf 87' lang='lat' dir='ltr'><strong>l</strong></span> <span class='ocrx_word' id='word_1_241' title='bbox 847 3846 940 3928; x_wconf 75' lang='lat' dir='ltr'><strong>Itepp.</strong></span> <span class='ocrx_word' id='word_1_242' title='bbox 968 3847 1048 3910; x_wconf 88' lang='lat' dir='ltr'><strong>XVll.</strong></span> <span class='ocrx_word' id='word_1_243' title='bbox 1075 3849 1097 3909; x_wconf 77' lang='grc'>4</span> <span class='ocrx_word' id='word_1_244' title='bbox 1120 3869 1188 3930; x_wconf 89' lang='lat' dir='ltr'><strong>sqq.</strong></span> <span class='ocrx_word' id='word_1_245' title='bbox 1218 3887 1250 3895; x_wconf 87' lang='lat'><strong>--</strong></span> 
     </span>
     <span class='ocr_line' id='line_1_30' title="bbox 127 3958 1251 4044; baseline 0.003 -22"><span class='ocrx_word' id='word_1_246' title='bbox 127 3962 253 4036; x_wconf 75' lang='lat' dir='ltr'><strong>Christe,</strong></span> <span class='ocrx_word' id='word_1_247' title='bbox 271 3965 340 4044; x_wconf 90' lang='lat' dir='ltr'><strong>post</strong></span> <span class='ocrx_word' id='word_1_248' title='bbox 354 3958 539 4022; x_wconf 80' lang='lat' dir='ltr'><strong>exanclatum</strong></span> <span class='ocrx_word' id='word_1_249' title='bbox 558 3960 590 4022; x_wconf 91' lang='lat' dir='ltr'><strong>in</strong></span> <span class='ocrx_word' id='word_1_250' title='bbox 610 3960 726 4022; x_wconf 88' lang='lat' dir='ltr'><strong>deserto</strong></span> <span class='ocrx_word' id='word_1_251' title='bbox 745 3960 956 4032; x_wconf 86' lang='lat' dir='ltr'><strong>tentationem,</strong></span> <span class='ocrx_word' id='word_1_252' title='bbox 976 3962 1090 4041; x_wconf 77' lang='lat' dir='ltr'><strong>Arrpele&#39;</strong></span> <span class='ocrx_word' id='word_1_253' title='bbox 1104 3962 1251 4025; x_wconf 78' lang='lat' dir='ltr'><strong>ministrt·</strong></span> 
     </span>
     <span class='ocr_line' id='line_1_31' title="bbox 124 4075 1252 4159; baseline -0.004 -17"><span class='ocrx_word' id='word_1_254' title='bbox 124 4081 203 4152; x_wconf 86' lang='lat' dir='ltr'><strong>rant3</strong></span> <span class='ocrx_word' id='word_1_255' title='bbox 222 4077 341 4140; x_wconf 74' lang='lat' dir='ltr'><strong>Melet.</strong></span> <span class='ocrx_word' id='word_1_256' title='bbox 360 4077 406 4141; x_wconf 76' lang='lat' dir='ltr'><strong>lv,</strong></span> <span class='ocrx_word' id='word_1_257' title='bbox 428 4078 481 4139; x_wconf 90' lang='lat' dir='ltr'><strong>ll.</strong></span> <span class='ocrx_word' id='word_1_258' title='bbox 502 4112 537 4124; x_wconf 91' lang='lat'><strong>·-</strong></span> <span class='ocrx_word' id='word_1_259' title='bbox 554 4077 634 4150; x_wconf 86' lang='lat' dir='ltr'><strong>Quae</strong></span> <span class='ocrx_word' id='word_1_260' title='bbox 650 4075 745 4159; x_wconf 82' lang='lat' dir='ltr'><strong>igitur</strong></span> <span class='ocrx_word' id='word_1_261' title='bbox 759 4095 850 4157; x_wconf 91' lang='lat' dir='ltr'><strong>quum</strong></span> <span class='ocrx_word' id='word_1_262' title='bbox 869 4075 910 4138; x_wconf 90' lang='lat' dir='ltr'><strong>ita</strong></span> <span class='ocrx_word' id='word_1_263' title='bbox 933 4080 1016 4158; x_wconf 86' lang='lat' dir='ltr'><strong>gesta</strong></span> <span class='ocrx_word' id='word_1_264' title='bbox 1039 4096 1103 4138; x_wconf 90' lang='lat' dir='ltr'><strong>esse</strong></span> <span class='ocrx_word' id='word_1_265' title='bbox 1127 4076 1252 4140; x_wconf 87' lang='lat' dir='ltr'><strong>novisset</strong></span> 
     </span>
     <span class='ocr_line' id='line_1_32' title="bbox 124 4187 1251 4276; baseline -0.004 -21"><span class='ocrx_word' id='word_1_266' title='bbox 124 4193 369 4276; x_wconf 81' lang='lat' dir='ltr'><strong>Prendejeeedrcs‚</strong></span> <span class='ocrx_word' id='word_1_267' title='bbox 394 4191 579 4255; x_wconf 87' lang='lat' dir='ltr'><strong>committere</strong></span> <span class='ocrx_word' id='word_1_268' title='bbox 603 4188 703 4252; x_wconf 87' lang='lat' dir='ltr'><strong>noluit</strong></span> <span class='ocrx_word' id='word_1_269' title='bbox 729 4194 765 4251; x_wconf 93' lang='lat' dir='ltr'><strong>ut</strong></span> <span class='ocrx_word' id='word_1_270' title='bbox 787 4188 907 4269; x_wconf 73' lang='lat' dir='ltr'><strong>Morte,</strong></span> <span class='ocrx_word' id='word_1_271' title='bbox 931 4189 981 4251; x_wconf 90' lang='lat' dir='ltr'><strong>cui</strong></span> <span class='ocrx_word' id='word_1_272' title='bbox 1007 4187 1092 4251; x_wconf 91' lang='lat' dir='ltr'><strong>nulla</strong></span> <span class='ocrx_word' id='word_1_273' title='bbox 1116 4210 1178 4252; x_wconf 93' lang='lat' dir='ltr'><strong>non</strong></span> <span class='ocrx_word' id='word_1_274' title='bbox 1201 4190 1251 4252; x_wconf 91' lang='lat' dir='ltr'><strong>mi·</strong></span> 
     </span>
     <span class='ocr_line' id='line_1_33' title="bbox 123 4304 1249 4388; baseline -0.004 -16"><span class='ocrx_word' id='word_1_275' title='bbox 123 4310 206 4372; x_wconf 84' lang='lat' dir='ltr'><strong>ritica</strong></span> <span class='ocrx_word' id='word_1_276' title='bbox 227 4307 359 4372; x_wconf 90' lang='lat' dir='ltr'><strong>tribuere</strong></span> <span class='ocrx_word' id='word_1_277' title='bbox 382 4311 586 4380; x_wconf 87' lang='lat' dir='ltr'><strong>consueverat,</strong></span> <span class='ocrx_word' id='word_1_278' title='bbox 607 4307 655 4368; x_wconf 83' lang='lat' dir='ltr'><strong>eet</strong></span> <span class='ocrx_word' id='word_1_279' title='bbox 678 4304 782 4367; x_wconf 84' lang='lat' dir='ltr'><strong>eodem</strong></span> <span class='ocrx_word' id='word_1_280' title='bbox 805 4326 932 4388; x_wconf 88' lang='lat' dir='ltr'><strong>semper,</strong></span> <span class='ocrx_word' id='word_1_281' title='bbox 958 4326 1018 4386; x_wconf 90' lang='lat' dir='ltr'><strong>quo</strong></span> <span class='ocrx_word' id='word_1_282' title='bbox 1042 4308 1155 4368; x_wconf 86' lang='lat' dir='ltr'><strong>caeteri</strong></span> <span class='ocrx_word' id='word_1_283' title='bbox 1179 4327 1249 4370; x_wconf 87' lang='lat' dir='ltr'><strong>rnor-</strong></span> 
     </span>
     <span class='ocr_line' id='line_1_34' title="bbox 123 4417 1244 4506; baseline -0.005 -19"><span class='ocrx_word' id='word_1_284' title='bbox 123 4422 216 4506; x_wconf 81' lang='lat' dir='ltr'><strong>tales‚</strong></span> <span class='ocrx_word' id='word_1_285' title='bbox 241 4423 308 4488; x_wconf 90' lang='lat' dir='ltr'><strong>cibo</strong></span> <span class='ocrx_word' id='word_1_286' title='bbox 333 4424 517 4502; x_wconf 87' lang='lat' dir='ltr'><strong>nutriretur,</strong></span> <span class='ocrx_word' id='word_1_287' title='bbox 542 4424 590 4485; x_wconf 86' lang='lat' dir='ltr'><strong>cel</strong></span> <span class='ocrx_word' id='word_1_288' title='bbox 616 4417 796 4503; x_wconf 77' lang='lat' dir='ltr'><strong>Angelorum</strong></span> <span class='ocrx_word' id='word_1_289' title='bbox 829 4418 995 4482; x_wconf 86' lang='lat' dir='ltr'><strong>ministerio</strong></span> <span class='ocrx_word' id='word_1_290' title='bbox 1028 4417 1244 4484; x_wconf 88' lang='lat' dir='ltr'><strong>destitueretur.</strong></span> 
     </span>
    </p>
   </div>
   <div class='ocr_carea' id='block_1_6' title="bbox 0 0 1396 4958">
    <p class='ocr_par' dir='ltr' id='par_1_7' title="bbox 0 0 1396 4958">
     <span class='ocr_line' id='line_1_35' title="bbox 0 0 1396 4958; baseline 0 2"><span class='ocrx_word' id='word_1_291' title='bbox 0 0 1396 4958; x_wconf 95' lang='lat' dir='ltr'><strong> </strong></span> 
     </span>
    </p>
   </div>
  </div>
 </body>
</html>
