2782 4958
585 336 795 380 uuansuroues.
1193 327 1255 389 185

122 527 194 575 roco
224 509 399 586 laetissimtl,
432 507 477 571 illi
506 508 563 592 ipsi
594 507 687 572 veluti
715 507 873 573 insultaret
897 508 1041 572 acerrimo
1065 532 1120 573 suo
1143 510 1252 577 dolori.

124 624 161 690 bf.
200 637 270 691 sect.
298 628 396 689 1-3.

663 788 714 843 VI.

172 936 295 1002 Eodem
317 943 350 1003 in
372 939 525 1025 Epistold,
551 939 629 1004 XII.
658 939 729 1016 11⁰,
754 941 843 1003 unice
860 960 928 1004 vera
950 939 1070 1025 vulgata
1087 945 1133 1003 est
1148 940 1255 1007 lectio:

143 1061 189 1139 Τῷ
209 1057 320 1141 Κυρίῳ
350 1054 570 1132 δουλεύοντες.
620 1052 710 1125 Quod
734 1055 814 1117 enim
835 1055 900 1117 voci
924 1058 1036 1140 Κυρίῳ
1058 1053 1145 1118 multi
1167 1060 1259 1120 testes

87 1192 90 1201 ¹
146 1165 354 1233 substituerunt
384 1179 509 1256 καιρῲ,·
543 1169 608 1232 fieri
638 1170 738 1253 potnit
768 1174 805 1232 ut
828 1191 864 1232 ex
888 1167 963 1233 male
987 1167 1138 1232 intellecto
1168 1168 1259 1233 lectio

102 1266 106 1277 ¹
148 1290 304 1349 noceretur
326 1285 491 1369 scripturae
513 1285 701 1368 compendio.
732 1283 860 1360 Verum,
887 1285 1084 1369 undecunque
1108 1285 1190 1348 illins
1211 1304 1259 1346 re-

150 1399 256 1477 petenda
278 1400 321 1462 sit
342 1400 448 1483 origo,
480 1401 657 1463 sententiam
681 1403 762 1463 certe
784 1400 908 1479 fundit,
938 1405 1043 1484 etper
1066 1421 1097 1463 se
1120 1398 1261 1464 Paullo

151 1509 300 1598 iudignum,
319 1519 350 1577 et
367 1512 404 1578 ab
427 1513 483 1577 huc
503 1516 693 1599 potissimum
716 1517 859 1578 contextll
881 1515 1015 1578 oratione
1038 1513 1173 1577 alienam.
1198 1513 1261 1578 Ne·

150 1643 196 1706 qne
216 1629 294 1691 enim
318 1631 448 1714 tempori
470 1629 575 1693 callide
598 1632 744 1707 servient,
770 1632 843 1714 qni,
867 1631 1003 1716 proxime
1025 1651 1198 1716 praegresso
1225 1652 1261 1693 ex

92 1800 95 1807 .
148 1743 264 1818 nonius,
291 1748 379 1805 sunt:
406 1752 446 1830 τῇ
469 1746 595 1830 σπουδῇ
615 1752 657 1830 μὴ
683 1750 827 1832 οκυηροί·
858 1753 902 1814 τῶ
926 1752 1089 1831 obstipum
1119 1749 1259 1825 ζέοντες.

86 1876 89 1945 p
144 1845 206 1917 Nec
226 1863 271 1921 est
292 1857 374 1941 qnod
396 1858 487 1920 nimis
509 1878 619 1943 vagum
643 1858 699 1922 hoc
723 1859 789 1923 loco
812 1866 864 1924 aut
886 1860 1076 1924 indefinitum
1102 1859 1264 1924 habeamus

86 1948 89 1965 ¹
140 1959 265 2034 dictum:
292 1979 337 2056 τῷ
360 1975 473 2058 Κυρίῳ
501 1972 731 2051 desultricem:
757 1974 918 2037 dnmmodo
939 1996 993 2060 per
1015 1975 1149 2059 proxime
1171 1993 1262 2057 prae-

134 2081 271 2149 cedentia
292 2086 431 2170 generale
454 2086 510 2149 hoc
536 2086 654 2151 definiri
674 2093 841 2153 statuamus
863 2094 1066 2174 pracceptum.
1106 2088 1144 2151 Id
1168 2088 1266 2172 igitur

128 2204 192 2257 los
212 2198 297 2282 jubet
321 2200 496 2284 Apostolus,
522 2207 573 2278 nt,
596 2205 697 2268 studio
715 2206 865 2290 impipri,
882 2204 1032 2290 firoesstcs
1057 2205 1172 2284 animo,
1199 2200 1265 2265 Do·

124 2308 253 2378 minum
277 2315 419 2380 colamus.

316 2842 553 2897 QUAESTIONES
577 2841 774 2889 miscendus
798 2842 842 2888 ET
866 2841 1089 2890 uusuonloun.

667 3011 736 3066 VII.

187 3136 408 3216 Catholicismo,
435 3140 486 3222 qui
511 3137 639 3212 dicitur,
663 3137 803 3201 Romano
827 3137 977 3200 uincendo
999 3137 1085 3221 plane
1107 3136 1202 3220 impar
1225 3142 1271 3201 ost

122 3234 394 3330 Rationalismcs,
419 3275 475 3316 nec
498 3254 598 3316 minus
620 3253 715 3336 impar
740 3251 956 3338 ildystioismus.
1003 3250 1090 3316 Solus
1112 3251 1158 3314 illi
1181 3271 1270 3336 supe-

126 3365 201 3435 rior
226 3374 274 3432 est
296 3389 424 3452 eumque
447 3367 618 3451 aliqnando,
644 3367 799 3430 (lhristo
822 3366 919 3452 Rege,
945 3364 1098 3451 superabit
1116 3385 1205 3430 verns
1219 3364 1272 3428 ille

126 3472 429 3559 Protcstaotismuu,
457 3483 509 3566 qni
539 3483 674 3546 omnium
704 3480 859 3544 hominum
890 3481 1010 3565 placitis
1041 3485 1130 3563 atque
1164 3479 1274 3543 edictis

126 3600 232 3665 nnius
255 3596 363 3660 Sacri
391 3596 555 3659 Codicis
578 3597 784 3659 testimoninm
809 3597 964 3680 anteponit
991 3601 1023 3659 et
1048 3595 1270 3658 anctoritatem.

127 3709 241 3787 Quem
274 3711 371 3796 igitur
394 3704 539 3775 sninnuam
566 3712 630 3795 ejus
664 3712 869 3775 anctoritatem
896 3711 949 3795 qni
975 3709 1151 3785 labefactat,
1174 3709 1274 3793 ipsum

126 3830 265 3893 enervat
287 3825 579 3891 Protestantismum.
628 3824 690 3895 Qui
709 3848 792 3905 vero,
817 3827 850 3889 in
874 3826 999 3900 Diariis,
1025 3822 1274 3909 Ephemeridibus

127 3944 289 4027 aliisque,
319 3939 371 4023 qui
395 3942 529 4003 omnium
553 3937 688 4002 manibus
716 3945 868 4013 teruntur,
898 3937 1029 4016 libellis,
1060 3938 1107 4002 vel
1132 3939 1275 4001 historiae

129 4077 243 4121 111111
274 4053 394 4118 dubiam
419 4054 541 4117 reddere
569 4055 690 4117 student
720 4054 829 4132 fidem,
859 4052 906 4116 vel
929 4056 1066 4137 opinatos
1088 4054 1274 4136 Scriptorum

133 4174 303 4237 Sacrorum
327 4190 463 4246 errores,
493 4169 710 4244 dissensiones,
736 4190 855 4254 pugnas
879 4167 1008 4252 maligne
1030 4168 1145 4251 jactant
1168 4188 1202 4229 ac
1226 4188 1273 4229 ve·

138 4287 204 4351 luti
222 4307 275 4371 per
296 4284 480 4368 triumphum
498 4290 609 4370 agunt;
632 4284 664 4348 hi
685 4285 782 4369 igitur
805 4288 922 4346 sanctae
937 4280 1174 4346 Protestantium
1190 4300 1274 4342 oaus-

144 4424 195 4465 see
220 4400 311 4486 longe
336 4401 456 4485 gravius
478 4400 589 4463 inferre
612 4422 643 4463 se
664 4401 760 4463 sciunt
779 4399 1007 4471 detrimontum,
1033 4415 1121 4477 quam
1145 4392 1205 4456 nlle
1220 4415 1274 4457 un·
