2782 4958
608 352 777 394 censuere.
1217 333 1257 395 ti

131 521 233 602 aius,
259 521 364 585 littera
386 539 407 586 o
430 520 462 583 in
484 537 502 584 r
525 518 685 593 conversa,
715 515 879 601 legendum
911 520 998 600 putat
1020 518 1156 608 vuinter),
1189 520 1262 583 meu
1339 548 1342 553 ·

130 636 291 700 sororius
340 633 440 706 Quam
464 633 686 716 conjecturam,
718 651 795 714 quae
818 631 918 698 minus
939 630 1077 715 pulcrum
1101 634 1261 715 minusque

127 751 279 836 poeticum
302 747 390 813 nobis
412 748 504 812 efficit
526 747 642 824 locum,
673 745 899 830 elegantissimo
921 768 953 809 se
976 744 1102 832 probare
1125 748 1262 832 potuisse

127 863 292 948 Interpreti
318 861 422 926 mirari
454 860 545 926 subit.
602 857 674 923 Alia
703 857 931 924 Umbreitii
970 866 1059 944 atque
1091 860 1262 925 Arnhei·

128 977 192 1041 mii
221 979 268 1061 (l)
294 977 371 1041 ratio
394 981 452 1054 est,
489 972 660 1060 vulgatam,
695 994 786 1059 quam
808 980 890 1039 reete
912 976 1056 1056 retinent,
1083 997 1188 1041 vocem
1212 1000 1262 1043 ex·

126 1090 323 1176 plicantium:
360 1095 435 1156 meis
459 1113 496 1155 ea
519 1091 635 1155 oseibru
669 1090 732 1153 sive
756 1089 916 1166 membris,
947 1094 982 1152 ut
1006 1094 1133 1153 mortem
1166 1090 1260 1176 signi·

126 1206 226 1270 ficaria
256 1205 278 1270 J
281 1204 377 1282 obus,
402 1225 492 1288 quam
516 1205 579 1268 suis
602 1203 660 1267 sibi
685 1181 823 1267 manibus
845 1203 957 1267 inferre
981 1207 1110 1289 pararet.
1159 1203 1262 1269 Enim·

125 1341 196 1384 vero
215 1342 277 1384 non
301 1321 397 1407 magis
419 1325 559 1383 contexta
581 1318 689 1398 oratio,
716 1340 806 1401 quam
829 1318 879 1382 aiii
903 1318 1055 1382 Carminis
1078 1319 1147 1398 loci,
1176 1320 1262 1404 quio·

125 1455 215 1521 qnam
239 1433 342 1514 habet,
369 1456 430 1519 quo
453 1436 491 1499 de
513 1439 610 1498 morte
634 1431 755 1498 sibimet
778 1434 992 1497 oonseisoendt
1011 1433 1097 1498 illum
1114 1434 1263 1519 cogittsse

126 1549 258 1634 suspicio
280 1547 369 1613 nobis
391 1555 542 1613 nascatur.
582 1550 612 1613 A
631 1548 719 1632 euius
734 1549 836 1633 potius
851 1548 971 1612 consilii
986 1549 1157 1613 temeritate
1173 1554 1263 1634 atque

127 1662 252 1727 audacis
273 1662 361 1748 plane
385 1662 576 1728 abhorruisse
599 1662 731 1739 videtur,
757 1665 819 1748 qut
840 1662 941 1728 Deum
964 1661 1174 1738 venerabatur,
1200 1664 1263 1749 pie·

126 1782 179 1841 tas.
227 1777 372 1843 Oanssam
400 1799 472 1842 vero
506 1776 587 1861 quod
610 1778 764 1859 eontinet,
793 1796 902 1860 morv,
933 1777 1017 1842 nulla
1046 1778 1164 1862 adjecta
1187 1779 1264 1842 defi·

127 1891 252 1969 uitione,
278 1913 388 1956 menas
410 1891 582 1977 significare
604 1913 704 1977 posse,
729 1914 818 1956 nemo
837 1891 988 1977 probavit,
1006 1914 1062 1956 nec
1078 1892 1165 1955 facila
1180 1893 1261 1976 quis·

127 2026 213 2089 quam
236 2004 417 2091 probaverit.
464 2005 533 2070 Hac
563 2011 664 2070 autem
687 2027 761 2070 voce
784 2007 960 2071 contemtim
984 2028 1093 2091 eorpus
1116 2005 1196 2081 diei,
1223 2028 1261 2070 ex

128 2141 196 2206 quo,
230 2121 412 2186 dirissimam
442 2143 496 2207 per
519 2120 617 2185 tabem
642 2142 730 2185 carne
754 2142 789 2185 ao
820 2126 889 2186 ente
915 2120 1085 2201 denudato,
1111 2120 1173 2184 sola
1197 2122 1259 2186 fere

127 2258 189 2301 ossa
212 2240 412 2318 remanerent,
431 2242 511 2300 reete
530 2236 659 2308 monuit,
686 2235 774 2318 cujus
795 2234 828 2297 in
850 2236 1066 2300 commentario
1088 2257 1258 2316 versamur,

127 2350 290 2436 Interpres.
339 2352 442 2435 Atque
464 2350 548 2433 idem¹
568 2350 605 2413 de
628 2349 867 2436 elephantiosis,
897 2334 999 2416 subiti
1021 2373 1082 2416 non
1107 2374 1174 2417 raro
1197 2353 1261 2440 aas·

123 2464 274 2550 secatione
295 2463 512 2550 pereuntibus,
538 2463 742 2528 consulendus
766 2469 822 2529 est.

166 2690 241 2756 Non
264 2692 362 2777 magis
385 2693 579 2767 consentiunt
601 2693 783 2779 interpretes
805 2693 838 2757 in
861 2692 1037 2778 explicandt
1059 2715 1146 2774 voce,
1168 2715 1257 2781 quae,

127 2825 212 2889 quem
236 2807 415 2893 attigimus,
439 2806 540 2872 locum
570 2808 690 2871 iaeuate
717 2808 845 2872 sectione
866 2808 955 2872 sentit
981 2808 1100 2872 decimet
1121 2809 1258 2894 proxime

126 2920 280 3005 sequitur,
309 2937 408 2986 rouro.
460 2920 509 2984 De
540 2922 601 3006 qut
636 2941 705 2985 oum
727 2921 829 2983 omnia
852 2940 1016 2984 memorare
1044 2919 1170 3006 longum
1193 2922 1256 2998 sit,

125 3033 196 3098 duas
219 3040 301 3099 certe
324 3035 435 3099 referre
454 3034 542 3120 juvat
564 3036 748 3116 sententias,
773 3054 901 3120 quarum
923 3039 1052 3120 utraque
1074 3037 1179 3101 nostrt
1201 3034 1259 3100 heo

124 3149 154 3212 in
176 3150 275 3234 patrita
297 3149 400 3235 magni
414 3150 554 3232 ,nominis
576 3153 735 3234 patronum
758 3148 887 3216 invenit.
922 3147 1040 3224 Altera,
1066 3151 1155 3235 quam
1178 3171 1259 3214 eom·

122 3264 276 3350 mondavit
298 3263 344 3327 H.
372 3265 411 3328 A.
434 3262 743 3343 Salsultensius,
777 3264 907 3348 primum
931 3262 1026 3327 hoece
1048 3273 1114 3335 seat.
1143 3267 1183 3327 16
1208 3284 1259 3328 vo·

123 3375 262 3442 sabulum
286 3399 354 3441 eum
377 3378 516 3442 sectionis
541 3381 581 3442 15
607 3375 687 3441 binis
708 3377 868 3462 postremis
886 3376 930 3439 ita
946 3376 1117 3462 conjungit,
1135 3380 1172 3440 ut
1187 3397 1259 3440 oon·

122 3512 216 3555 nexae
246 3513 333 3556 voees
369 3509 458 3559 ’novo
493 3509 611 3558 ’niorto
646 3509 714 3567 uto,
748 3512 803 3574 pro
845 3510 971 3575 quarum
1007 3490 1124 3564 medit,
1166 3489 1257 3552 sicuti

122 3604 271 3685 vidimus,
307 3594 408 3691 legere
440 3606 555 3670 mavult
589 3622 723 3680 reterre,
759 3610 935 3669 vertantur:
970 3610 1095 3665 mortem
1130 3603 1257 3666 minoris

115 3715 218 3802 faeie,
238 3740 332 3804 qaum
343 3741 411 3785 osse
429 3741 509 3796 mea,
531 3719 592 3794 vel,
610 3719 704 3783 altert
715 3740 753 3783 ex
765 3718 904 3794 lectione,
923 3738 1016 3802 quom
1031 3715 1145 3780 dolores
1163 3737 1253 3781 meos.

123 3829 207 3903 Quae
229 3833 256 3896 si
279 3855 350 3898 vera
373 3835 412 3898 sit
431 3833 650 3920 interpretatio,
670 3834 833 3917 conjuncta
847 3833 906 3898 tria
925 3830 1000 3895 haee
1019 3830 1164 3896 voeabula
1185 3854 1258 3896 sen·

123 3929 245 4010 tentiain
268 3946 421 4026 habeant,
447 3947 484 4012 ab
506 3948 560 4012 illa
582 3969 645 4012 non
668 3947 761 4033 longe
783 3947 987 4023 recedentem,
1013 3968 1102 4033 quam
1125 3968 1192 4027 nos,
1220 3968 1258 4010 ex

124 4061 244 4148 vulgate
273 4062 405 4128 lectione
438 4083 639 4149 versuumque
669 4061 905 4139 distributione,
929 4061 1091 4147 postremis
1118 4069 1186 4124 sect.
1216 4063 1257 4123 15

126 4224 270 4239 -υ-ι

155 4322 192 4384 (l)
209 4322 274 4373 viu.
287 4324 320 4373 ad
333 4324 359 4373 h.
376 4323 395 4373 l.
413 4322 447 4374 Η.
466 4293 634 4386 Arnbeim,
651 4321 698 4372 das
711 4319 783 4371 Bueb
799 4317 847 4370 Jot
867 4320 984 4371 thersam
999 4335 1024 4370 u.
1041 4317 1182 4384 νοῖἰσιᾶηάίρ
1198 4333 1257 4367 eom·

126 4416 226 4474 metiri,
244 4413 315 4481 6109.
335 4421 407 4468 1886.
