2782 4958
153 218 194 283 76
366 236 369 243 ’
637 232 796 277 ιιιιιοιιιιι

154 404 344 488 Quamquam
364 423 446 482 eum,
465 402 519 486 qui
543 400 593 466 hic
615 406 809 477 memoratur.
827 401 1010 490 Apostolum
1031 425 1049 468 s
1069 403 1204 490 Jacobo,
1227 407 1283 473 At

150 522 247 606 ptari
257 519 344 606 sitio,
371 518 523 582 diversum
546 516 638 580 fuisse
661 514 737 579 mihi
756 517 880 601 quidem
894 539 956 582 non
978 516 1192 604 probavit-
1214 516 1281 588 Gai

153 637 199 702 Π.
220 639 252 715 7,
281 634 387 698 melius
409 632 550 711 omnino,
583 651 673 715 quam
704 630 816 696 multos
839 631 945 697 secisse
968 653 1004 697 ao
1025 633 1124 699 iacere
1145 633 1284 700 norimus

152 750 301 836 aequales,
324 752 444 814 enarrat
465 750 502 815 τὸ
527 745 717 828 εὐαγγέλιον
742 753 800 830 τῆς
822 748 1041 836 ἀκροβυστίας
1064 773 1097 815 rc.
1118 774 1149 816 r.
1177 748 1211 814 λ.
1241 784 1284 798 -

155 865 229 936 Gar.
247 867 293 932 II.
315 871 369 933 15.
417 862 467 930 Ad
489 863 572 928 hunc
594 863 786 948 potissimum
808 860 909 926 locum
932 859 1077 945 Meyeri
1099 860 1284 926 consulenda

149 985 196 1046 eat
218 980 385 1062 annotatio,
409 977 564 1051 subtiliter
586 977 723 1043 docentis
746 983 837 1063 atque
859 980 1011 1055 accurate,
1039 997 1116 1062 qnee
1138 982 1214 1041 aeot.
1242 976 1284 1040 14

148 1095 289 1162 inchoata
310 1100 376 1161 erat
397 1093 497 1161 Paulli
521 1096 565 1159 ad
586 1093 715 1159 Petrum
737 1094 848 1169 oratio,
873 1113 938 1158 eam
957 1091 1045 1157 icoo
1070 1091 1201 1157 scoticus
1220 1112 1283 1157 coe·

149 1213 278 1297 terisque
296 1210 435 1295 deinceps
453 1210 577 1276 secundi
588 1208 677 1294 injur
695 1205 817 1294 Capitis
839 1206 1019 1272 coctionibus
1037 1206 1224 1281 continuam
1248 1182 1284 1272 ut

152 1321 272 1412 Capitis
293 1323 416 1389 demum
438 1325 521 1388 tertii
539 1323 648 1408 primi
670 1322 811 1398 rectione,
835 1319 890 1386 ubi
913 1319 1026 1386 diserta
1052 1317 1186 1388 Galatea
1207 1342 1284 1388 nuu-

149 1440 256 1523 oupat,
289 1435 326 1500 ad
360 1457 411 1501 ecs
441 1434 662 1521 compellandos
693 1434 793 1500 redire
825 1439 982 1500 censeatur
1012 1433 1144 1500 Auctor.
1190 1435 1283 1501 &cur

149 1551 231 1615 enim
253 1549 342 1615 multi
364 1550 397 1615 in
427 1549 524 1635 iisqne
554 1548 659 1636 magni
681 1547 752 1614 Viri
775 1554 955 1614 statuerant.
981 1584 1026 1600 -
1052 1547 1128 1619 (dcl.
1154 1549 1223 1615 111.
1246 1555 1280 1616 4.

149 1668 315 1734 Verissima
338 1667 452 1732 monita
474 1673 558 1747 aunt,
583 1665 693 1752 quibus
715 1664 783 1745 illo,
816 1663 955 1750 quamvis
982 1663 1201 1746 recentissimis
1224 1664 1283 1729 dia·

148 1781 350 1848 sentientibus
373 1786 462 1866 atque
485 1781 608 1867 optimis
629 1780 830 1864 interpretum
852 1776 999 1857 ducibus,
1023 1776 1114 1843 verbs
1136 1788 1281 1850 τοσαῦτα

150 1903 292 1966 ἐπάθετε
315 1899 348 1961 in
375 1896 492 1961 molam
513 1899 627 1981 partem
650 1892 793 1979 capienda
815 1913 880 1956 esse
903 1893 1099 1959 demonstrat.
1128 1929 1173 1943 -
1205 1893 1280 1960 Gal.

148 2011 188 2077 V.
208 2017 239 2078 5.
262 2012 434 2098 Πνεύματι
460 2016 495 2078 ἐκ
519 2013 670 2084 πίστεως.
706 2007 886 2073 Gravissimi
901 2005 971 2070 Viri
988 2005 1063 2071 mihi
1084 2005 1185 2092 placet
1200 2029 1283 2073 cnor-

148 2127 238 2201 ratio,
271 2131 307 2190 ut
328 2127 396 2210 spei
426 2123 477 2188 hio
500 2122 666 2188 celebratae
690 2143 796 2186 causac
815 2121 861 2184 sit
882 2119 1023 2206 Spiritus
1044 2120 1193 2200 Divinus,
1207 2123 1283 2208 fons

148 2261 220 2307 vero
242 2239 381 2305 internus
405 2235 510 2326 (vulgo
533 2235 731 2322 subjectione)
746 2236 838 2324 fides.
862 2267 905 2282 -
932 2233 1008 2302 Gal.
1029 2234 1072 2303 V.
1099 2241 1133 2317 8,
1157 2242 1282 2304 strenue

148 2354 278 2422 activam
299 2357 403 2420 tuetur
425 2352 509 2418 vocis
532 2355 688 2436 πεισμονὴ
712 2348 977 2435 significationem.

192 2796 251 2862 Sed
274 2795 360 2880 plura
382 2793 439 2859 hoo
461 2814 499 2858 ex
520 2792 599 2858 libro
622 2793 797 2879 depromere
819 2816 908 2859 sanae
939 2795 1104 2880 doctaeque
1132 2794 1280 2883 interpre-v

147 2912 271 2977 tationis
294 2908 440 2995 exempla,
465 2909 603 2994 quamvis
625 2910 712 2974 facile
734 2910 788 2984 sit,
813 2932 871 2975 nec
885 2916 972 2976 vacat
986 2932 1043 2976 uec
1064 2911 1187 2977 attinet.
1212 2910 1281 2976 Nec

146 3028 250 3092 nostri
272 3045 343 3089 saue
363 3023 463 3089 laudis
490 3024 710 3110 praedicatione
737 3023 796 3088 Vir
820 3024 952 3111 indiget,
981 3025 1069 3110 cujus
1092 3029 1281 3089 commenta·

146 3144 209 3209 rios
229 3140 293 3227 ”qui
322 3140 474 3225 vituperet
504 3138 724 3205 admirantibus
756 3161 827 3204 eum
859 3139 1032 3225 aequalibus
1054 3162 1086 3204 se
1109 3140 1194 3204 daret
1216 3139 1281 3224 ipse

146 3257 319 3330 ridendum,

190 3369 303 3437 Adhuc
332 3369 434 3433 minus
464 3367 617 3452 aliquanto
638 3371 730 3432 notos
752 3368 1051 3450 Liinemanuus,
1081 3369 1134 3434 sed
1168 3369 1281 3457 diguus

144 3484 237 3562 idem,
263 3484 290 3548 si
310 3483 385 3569 quid
406 3482 506 3562 video,
525 3479 611 3567 cujus
633 3502 742 3545 nomen
757 3482 790 3546 in
815 3482 990 3548 melioribus
1005 3482 1185 3564 celebretur,
1204 3504 1281 3568 quor

143 3603 283 3664 nostrum
304 3598 364 3663 hoc
386 3602 505 3682 tempus
528 3595 683 3676 extulerit,
706 3597 740 3661 S.
763 3597 793 3661 S.
810 3598 1044 3684 Interpretibus.
1082 3599 1179 3683 Cujus
1193 3621 1277 3680 eum,

143 3713 265 3798 dequo
291 3713 392 3777 dicere
417 3713 533 3799 incepi,
561 3714 810 3777 commentarium
840 3714 947 3796 quanti
978 3713 1151 3778 faciendum
1173 3714 1280 3778 eristi·

143 3847 242 3906 mem,
273 3827 363 3911 supra
387 3826 451 3911 jam
480 3826 699 3910 quodammodo
730 3826 942 3894 demonstravi.
989 3827 1061 3898 Quo
1091 3827 1159 3892 loco
1186 3849 1279 3914 quem

141 3941 317 4016 memoravi,
342 3940 457 4005 Censor
466 3939 540 4027 ·(1):
569 3941 852 4021 »Liinemannus,”
873 3941 987 4025 inquit,
1014 3942 1203 4028 »prudentii
1221 3945 1279 4009 auci

141 4076 201 4120 »ac
222 4053 385 4120 subtilitate
404 4055 633 4142 Goettingeosis
655 4055 740 4123 illius
767 4055 910 4136 scholae,
932 4056 1016 4142 cujus
1042 4068 1172 4143 utraque
1204 4058 1279 4125 liceo

150 4209 284 4222 Μ

177 4308 215 4372 (1)
233 4307 269 4359 V.
286 4322 373 4372 supra,
392 4323 450 4373 pag.
472 4309 513 4358 67.
