2782 4958
546 120 708 163 censuale.
1127 104 1185 165 131

43 287 199 352 convenit
228 289 351 362 textus3
385 286 443 350 nisi
479 286 560 368 quod
594 285 643 350 hic
673 291 812 369 quartum
843 309 860 351 a
890 288 950 352 fine
980 289 1094 353 omittit
1123 311 1188 355 voc,

47 407 171 489 κυρίῳ.

99 518 164 579 lam
195 536 232 578 ex
262 517 347 578 tantd
376 514 449 592 hac,
475 514 651 579 brevissimo
673 517 706 578 in
730 515 810 580 dicto
822 563 830 598 ‚
856 515 1021 580 lectionum
1049 517 1190 581 varietate

51 629 210 715 quomodo
232 650 288 692 nos
312 630 527 714 expediemus?
574 631 659 704 Quod
684 651 722 694 ex
745 653 792 695 me
814 632 840 694 si
862 631 987 695 forsitan
1010 632 1188 715 quaesieris;

52 747 187 831 priorem
216 745 275 810 loci
301 749 416 830 partem
440 745 483 806 sic
507 744 678 807 constituo:
714 745 836 811 ’Ἔσται
862 749 898 812 τὸ
923 756 979 830 τῆς
1004 747 1190 831 περιουσίας

52 888 119 947 μου
139 867 242 929 παυτί
265 871 309 948 τῷ
340 860 420 947 λαῷ.
471 860 588 924 Etenim
611 865 668 923 art.
693 865 728 926 τό
749 864 817 944 post
840 863 944 944 ἔσται,
966 864 1093 924 testante
1111 861 1188 944 ipso,

52 977 108 1058 qui
132 996 202 1038 eum
224 975 325 1059 ejecit,
342 973 487 1054 Tisch.,
510 972 647 1058 plerique
665 973 803 1038 inserunt
820 979 922 1039 testes.
962 976 1050 1055 Tum,
1070 972 1191 1058 syllabis

51 1117 110 1157 ται
127 1094 159 1154 et
174 1118 243 1175 της,
264 1089 386 1152 fortasse
401 1109 455 1172 per
475 1087 640 1172 scripturae
656 1087 880 1173 compendium,
898 1089 1085 1172 interposita,
1103 1087 1190 1151 focile

52 1204 157 1289 potuit
179 1201 341 1267 absorberi.
390 1203 442 1280 Ac,
470 1223 540 1265 mox
561 1206 703 1285 sequente
722 1201 805 1266 dicto
828 1207 865 1268 τὸ
888 1211 943 1286 τῆς
964 1206 1116 1286 ἀφέσεως,
1144 1225 1190 1266 ar·

51 1317 185 1382 ticulum
208 1316 259 1380 hle
281 1316 407 1400 requirit
425 1315 486 1379 loci
508 1317 714 1395 concinnitas;
735 1317 835 1401 cujus,
855 1323 1001 1399 quantum
1016 1337 1053 1380 en
1068 1319 1190 1382 infinita

53 1430 223 1495 lectionum
245 1431 387 1495 varietate
407 1430 543 1514 judicare
566 1428 655 1505 licet,
681 1428 819 1493 universe
841 1429 1010 1492 studiosum
1036 1451 1099 1493 sese
1121 1451 1190 1514 pro·

53 1543 113 1619 oie,
137 1548 190 1607 aut
211 1549 290 1607 certe
305 1565 366 1606 non
384 1545 583 1624 incuriosum,
606 1546 727 1606 Auctor.
749 1578 788 1589 -
808 1544 914 1606 Verum
930 1542 1096 1607 laudandus
1110 1543 1192 1607 idem

54 1663 101 1721 est
132 1657 260 1721 Criticus
281 1657 470 1736 limatensis,
495 1658 597 1742 quod,
622 1679 707 1721 secus
738 1679 772 1720 ac
795 1656 902 1721 Febr.
927 1658 1038 1720 fecerat
1059 1680 1093 1721 ac
1113 1657 1192 1721 Bir-

53 1770 190 1848 chius‚
224 1770 434 1835 Thilonem
469 1777 549 1836 recte
579 1776 719 1849 secutus,
745 1792 779 1834 ac
806 1769 954 1855 plerisque
986 1769 1191 1855 obtemperans

55 1883 202 1962 testibus,
231 1906 286 1970 pro
317 1890 498 1972 capiceriam
530 1887 625 1950 rarius
656 1886 757 1970 posuit
787 1890 876 1968 atque
910 1886 1091 1968 exquisitius
1120 1907 1188 1949 voc.

56 2004 264 2086 περιουσίας,
290 1999 393 2082 quod,
418 2001 473 2064 etsi
502 2001 534 2063 in
558 2004 592 2065 N.
617 2003 651 2063 T.
677 2021 738 2063 non
762 2006 878 2075 exstat,
903 2000 1012 2064 &idue
1034 2007 1133 2064 tamen
1157 2002 1190 2062 in

59 2113 240 2178 auctoritate
262 2113 443 2198 praesidium
466 2113 567 2179 habet.

101 2228 135 2290 ln
158 2224 252 2290 altera
274 2226 349 2291 dicti
372 2233 470 2310 parte:
497 2235 564 2295 Καί
592 2235 707 2312 τὸτῆς
734 2231 873 2312 ἀφέσεως
898 2255 926 2294 κ.
951 2255 978 2295 τ.
1003 2229 1033 2295 λ.
1059 2229 1190 2313 primum

55 2343 232 2426 quaeritur,
257 2348 359 2406 utrum
382 2349 451 2427 post
472 2346 633 2428 ἀφέσεως,
658 2343 823 2407 secundum
846 2342 956 2406 Tabr.
981 2363 1016 2406 ac
1038 2342 1188 2417 Tisch.‚

53 2462 96 2526 ait
118 2457 310 2526 inserendum
333 2483 419 2547 pron.
442 2467 515 2543 pon,
536 2480 572 2521 an
595 2459 697 2542 potius
720 2463 883 2541 praeeunte
906 2455 1077 2532 Thilone,
1104 2458 1190 2520 omit·

54 2574 195 2640 tendum.
242 2571 283 2640 ilc
306 2571 380 2639 milri
404 2574 547 2658 quidem,
572 2579 607 2637 ut
631 2573 688 2638 sibi
721 2575 837 2637 constet
858 2572 1006 2637 sententia
1028 2593 1084 2635 nec
1107 2570 1190 2635 clau·

54 2691 137 2755 dicet
158 2690 323 2774 disjunctio
334 2686 346 2772 ,‘
369 2689 493 2753 omnino
516 2687 574 2751 hoc
604 2689 717 2770 requiri
741 2687 861 2751 videtur
888 2706 1061 2771 pronomen.
1111 2687 1191 2759 Quae

54 2805 139 2869 enim
161 2825 216 2888 pro
238 2803 353 2889 populo
376 2804 454 2867 dona
476 2802 618 2866 offerebat
639 2800 818 2877 loachimus‚
840 2800 910 2863 haec
932 2800 1021 2863 etiam
1045 2801 1108 2882 ipsa
1126 2799 1191 2862 sine

54 2917 151 2982 dubio
181 2919 218 2982 ad
247 2918 365 2982 ueniam
393 2925 574 2997 peccatorum
606 2915 712 2979 huicce
736 2913 847 2999 populo
871 2913 1086 2996 impetrandam
1109 2931 1191 2975 com·

56 3038 159 3117 parata
185 3037 280 3096 erant.
308 3068 350 3078 —-·
374 3033 448 3095 Tum
480 3031 560 3094 favet
590 3030 763 3113 pronomini
794 3030 887 3110 major
911 3026 1004 3091 Godd.
1030 3047 1109 3111 pars.
1156 3027 1189 3088 ln

55 3144 180 3229 quibus,
205 3145 279 3209 alios
303 3167 340 3209 ne
364 3165 536 3225 memorem,
554 3143 801 3228 praestantissimi
825 3142 889 3207 bini
911 3140 991 3226 apud
1011 3163 1039 3204 s.
1054 3140 1191 3204 Murcum

60 3259 181 3324 Veneti.
220 3259 305 3333 Quod
321 3259 417 3344 igitur
438 3259 542 3322 sinon
566 3258 688 3322 admisit
704 3256 840 3333 Thilo,
867 3257 959 3320 nimia
974 3276 1043 3319 eum
1064 3254 1191 3319 retinuit

55 3372 188 3456 Codicis,
212 3374 263 3438 eui
286 3373 386 3437 omnia
408 3393 523 3436 summa
545 3371 707 3449 tribuebat,
733 3372 897 3436 veneratio.
914 3409 953 3418 -
971 3369 1101 3435 Tandem
1123 3374 1191 3454 post

32 3485 145 3563 illud,
168 3487 207 3550 de
228 3507 288 3571 quo
311 3487 495 3568 monuimus,
514 3487 657 3572 a’qr'oao'rr
675 3486 754 3571 μου,
773 3484 827 3549 ubi
850 3483 957 3550 Febr.
977 3483 1066 3549 babet
1090 3489 1190 3570 κυρίῳ

53 3608 101 3687 τῷ
124 3605 211 3687 Θεῷ,
232 3600 349 3686 plenius
380 3601 469 3664 etiam
492 3599 553 3663 Th.
581 3602 682 3686 κυρίῳ
707 3607 751 3686 τῷ
781 3604 851 3687 Θεῷ
880 3627 961 3684 μου,
987 3597 1031 3663 ibi
1056 3597 1188 3662 Tisclr.

53 3716 88 3777 iu
112 3713 248 3779 breviore
278 3714 440 3798 acquiescit
470 3713 599 3778 lectione
623 3718 735 3801 κυρίῳ.
785 3715 838 3777 llic
862 3718 982 3789 autem,
1007 3711 1096 3798 plane
1119 3732 1192 3775 con·

54 3828 176 3892 trariam
195 3828 353 3912 judicandi
372 3830 452 3892 viam
474 3833 747 3899 recommemorata
769 3829 865 3893 ecdem
886 3829 939 3891 hoc
957 3827 1054 3905 primo
1073 3827 1189 3906 Cupite,

55 3942 122 4018 ubi,
148 3949 216 4028 post
238 3948 451 4031 ἐπισκέψεται
475 3972 529 4029 με,
554 3942 617 4008 Th.
640 3941 760 4008 brevius
784 3941 872 4007 habet
896 3947 1016 4029 καίριος,
1041 3940 1192 4025 copiosius

56 4056 133 4121 illud
156 4056 300 4135 admittit,
319 4059 401 4142 quod
424 4057 475 4122 hic
497 4063 661 4143 respuerat,
681 4062 827 4144 mlptoeo‘
854 4061 933 4132 Θεὸς
949 4083 1024 4140 μου.
1061 4053 1106 4118 Ad
1126 4075 1191 4116 cam

56 4171 152 4256 igitur
174 4173 347 4249 revertitur,
367 4193 456 4255 quam
480 4170 553 4234 olim
575 4170 681 4238 Tabr.
703 4171 879 4255 praeiverat,
897 4169 956 4232 loci
978 4169 1189 4233 conformatio·

1021 4288 1040 4347 9
1054 4287 1064 4306 .
