<?xml version="1.0" encoding="UTF-8"?>
<!DOCTYPE html PUBLIC "-//W3C//DTD XHTML 1.0 Transitional//EN"
    "http://www.w3.org/TR/xhtml1/DTD/xhtml1-transitional.dtd">
<html xmlns="http://www.w3.org/1999/xhtml" xml:lang="en" lang="en">
 <head>
  <title>
</title>
<meta http-equiv="Content-Type" content="text/html;charset=utf-8" />
  <meta name='ocr-system' content='tesseract 3.04.00' />
  <meta name='ocr-capabilities' content='ocr_page ocr_carea ocr_par ocr_line ocrx_word'/>
</head>
<body>
  <div class='ocr_page' id='page_1' title='image "./chartaetheologi00boumgoog_0189.png"; bbox 0 0 2828 4950; ppageno 0'>
   <div class='ocr_carea' id='block_1_1' title="bbox 686 1288 700 1318">
    <p class='ocr_par' dir='ltr' id='par_1_1' title="bbox 686 1288 700 1318">
     <span class='ocr_line' id='line_1_1' title="bbox 686 1288 700 1318; baseline 0 0"><span class='ocrx_word' id='word_1_1' title='bbox 686 1288 700 1318; x_wconf 65' lang='grc' dir='ltr'>Χ</span> 
     </span>
    </p>
   </div>
   <div class='ocr_carea' id='block_1_2' title="bbox 542 1430 956 1540">
    <p class='ocr_par' dir='ltr' id='par_1_2' title="bbox 542 1430 956 1540">
     <span class='ocr_line' id='line_1_2' title="bbox 542 1430 956 1540; baseline 0.007 -20"><span class='ocrx_word' id='word_1_2' title='bbox 542 1430 956 1540; x_wconf 81' lang='lat' dir='ltr'>MONI&#39;PUM,</span> 
     </span>
    </p>
   </div>
   <div class='ocr_carea' id='block_1_3' title="bbox 290 1671 1208 1732">
    <p class='ocr_par' dir='ltr' id='par_1_3' title="bbox 290 1671 1208 1732">
     <span class='ocr_line' id='line_1_3' title="bbox 290 1671 1208 1732; baseline -0.002 -13"><span class='ocrx_word' id='word_1_3' title='bbox 290 1671 472 1720; x_wconf 79' lang='lat' dir='ltr'>orouaonrs</span> <span class='ocrx_word' id='word_1_4' title='bbox 494 1672 566 1720; x_wconf 81' lang='lat' dir='ltr'>non</span> <span class='ocrx_word' id='word_1_5' title='bbox 589 1673 806 1732; x_wconf 71' lang='lat' dir='ltr'>exemeras,</span> <span class='ocrx_word' id='word_1_6' title='bbox 833 1673 898 1719; x_wconf 81' lang='lat' dir='ltr'>sao</span> <span class='ocrx_word' id='word_1_7' title='bbox 922 1671 1132 1732; x_wconf 77' lang='lat' dir='ltr'>ructuosos,</span> <span class='ocrx_word' id='word_1_8' title='bbox 1160 1673 1208 1717; x_wconf 81' lang='lat' dir='ltr'>nn</span> 
     </span>
    </p>
   </div>
   <div class='ocr_carea' id='block_1_4' title="bbox 487 1811 1014 1859">
    <p class='ocr_par' dir='ltr' id='par_1_4' title="bbox 487 1811 1014 1859">
     <span class='ocr_line' id='line_1_4' title="bbox 487 1811 1014 1859; baseline 0 -3"><span class='ocrx_word' id='word_1_9' title='bbox 487 1811 600 1858; x_wconf 80' lang='lat' dir='ltr'>REBUS</span> <span class='ocrx_word' id='word_1_10' title='bbox 622 1812 758 1859; x_wconf 82' lang='lat' dir='ltr'>DIVINIS</span> <span class='ocrx_word' id='word_1_11' title='bbox 782 1812 1014 1858; x_wconf 77' lang='lat' dir='ltr'><strong>SENTENTIAM.</strong></span> 
     </span>
    </p>
   </div>
   <div class='ocr_carea' id='block_1_5' title="bbox 685 2066 821 2083">
    <p class='ocr_par' dir='ltr' id='par_1_5' title="bbox 685 2066 821 2083">
     <span class='ocr_line' id='line_1_5' title="bbox 685 2066 821 2083; baseline 0.015 -5"><span class='ocrx_word' id='word_1_12' title='bbox 685 2066 821 2083; x_wconf 47' lang='lat' dir='ltr'>-..Q-‘-</span> 
     </span>
    </p>
   </div>
   <div class='ocr_carea' id='block_1_6' title="bbox 80 2267 1388 4450">
    <p class='ocr_par' dir='ltr' id='par_1_6' title="bbox 80 2267 1388 4450">
     <span class='ocr_line' id='line_1_6' title="bbox 214 2267 1317 2395; baseline -0.004 -16"><span class='ocrx_word' id='word_1_13' title='bbox 214 2267 274 2379; x_wconf 69' lang='lat' dir='ltr'>·Si</span> <span class='ocrx_word' id='word_1_14' title='bbox 297 2311 374 2375; x_wconf 88' lang='lat' dir='ltr'>sorte</span> <span class='ocrx_word' id='word_1_15' title='bbox 406 2311 506 2395; x_wconf 87' lang='lat' dir='ltr'>magni</span> <span class='ocrx_word' id='word_1_16' title='bbox 532 2292 712 2394; x_wconf 72' lang='lat' dir='ltr'><em>Philosophi</em></span> <span class='ocrx_word' id='word_1_17' title='bbox 742 2329 850 2371; x_wconf 90' lang='lat' dir='ltr'>nomen</span> <span class='ocrx_word' id='word_1_18' title='bbox 879 2313 968 2392; x_wconf 87' lang='lat' dir='ltr'>atque</span> <span class='ocrx_word' id='word_1_19' title='bbox 993 2309 1136 2372; x_wconf 90' lang='lat' dir='ltr'>honorem</span> <span class='ocrx_word' id='word_1_20' title='bbox 1159 2310 1243 2374; x_wconf 88' lang='lat' dir='ltr'>solus</span> <span class='ocrx_word' id='word_1_21' title='bbox 1267 2310 1317 2375; x_wconf 90' lang='lat' dir='ltr'>ille</span> 
     </span>
     <span class='ocr_line' id='line_1_7' title="bbox 183 2422 1316 2510; baseline -0.002 -19"><span class='ocrx_word' id='word_1_22' title='bbox 183 2427 261 2491; x_wconf 88' lang='lat' dir='ltr'>tueri</span> <span class='ocrx_word' id='word_1_23' title='bbox 285 2447 370 2509; x_wconf 91' lang='lat' dir='ltr'>posse</span> <span class='ocrx_word' id='word_1_24' title='bbox 401 2426 574 2505; x_wconf 70' lang='lat' dir='ltr'>censeatur,</span> <span class='ocrx_word' id='word_1_25' title='bbox 607 2425 659 2507; x_wconf 92' lang='lat' dir='ltr'>qui</span> <span class='ocrx_word' id='word_1_26' title='bbox 683 2422 731 2485; x_wconf 86' lang='lat' dir='ltr'>vel</span> <span class='ocrx_word' id='word_1_27' title='bbox 753 2444 831 2485; x_wconf 89' lang='lat' dir='ltr'>nova</span> <span class='ocrx_word' id='word_1_28' title='bbox 852 2443 976 2507; x_wconf 87' lang='lat' dir='ltr'>prorsus</span> <span class='ocrx_word' id='word_1_29' title='bbox 998 2427 1104 2508; x_wconf 91' lang='lat' dir='ltr'>suopte</span> <span class='ocrx_word' id='word_1_30' title='bbox 1127 2445 1165 2486; x_wconf 87' lang='lat' dir='ltr'>ex</span> <span class='ocrx_word' id='word_1_31' title='bbox 1189 2425 1316 2510; x_wconf 83' lang='lat' dir='ltr'>ingenio</span> 
     </span>
     <span class='ocr_line' id='line_1_8' title="bbox 182 2537 1315 2623; baseline 0.002 -21"><span class='ocrx_word' id='word_1_32' title='bbox 182 2541 301 2604; x_wconf 89' lang='lat' dir='ltr'>decreta</span> <span class='ocrx_word' id='word_1_33' title='bbox 331 2539 545 2622; x_wconf 80' lang='lat' dir='ltr'><strong>depromserit,</strong></span> <span class='ocrx_word' id='word_1_34' title='bbox 579 2538 627 2601; x_wconf 82' lang='lat' dir='ltr'>rel</span> <span class='ocrx_word' id='word_1_35' title='bbox 653 2545 735 2602; x_wconf 91' lang='lat' dir='ltr'>certe</span> <span class='ocrx_word' id='word_1_36' title='bbox 757 2538 843 2602; x_wconf 87' lang='lat' dir='ltr'>novis</span> <span class='ocrx_word' id='word_1_37' title='bbox 866 2537 952 2621; x_wconf 91' lang='lat' dir='ltr'>plane</span> <span class='ocrx_word' id='word_1_38' title='bbox 976 2540 1164 2623; x_wconf 77' lang='lat' dir='ltr'><strong>argumentis</strong></span> <span class='ocrx_word' id='word_1_39' title='bbox 1188 2539 1315 2606; x_wconf 85' lang='lat' dir='ltr'>aliorum</span> 
     </span>
     <span class='ocr_line' id='line_1_9' title="bbox 181 2652 1315 2738; baseline -0.001 -21"><span class='ocrx_word' id='word_1_40' title='bbox 181 2656 290 2738; x_wconf 89' lang='lat' dir='ltr'>placita</span> <span class='ocrx_word' id='word_1_41' title='bbox 314 2654 547 2716; x_wconf 88' lang='lat' dir='ltr'>commendanda</span> <span class='ocrx_word' id='word_1_42' title='bbox 570 2654 737 2729; x_wconf 88' lang='lat' dir='ltr'>curaverit;</span> <span class='ocrx_word' id='word_1_43' title='bbox 769 2654 879 2717; x_wconf 91' lang='lat' dir='ltr'>multos</span> <span class='ocrx_word' id='word_1_44' title='bbox 902 2654 966 2715; x_wconf 91' lang='lat' dir='ltr'>sine</span> <span class='ocrx_word' id='word_1_45' title='bbox 991 2652 1083 2716; x_wconf 91' lang='lat' dir='ltr'>dubio</span> <span class='ocrx_word' id='word_1_46' title='bbox 1106 2655 1137 2715; x_wconf 92' lang='lat' dir='ltr'>in</span> <span class='ocrx_word' id='word_1_47' title='bbox 1162 2652 1315 2718; x_wconf 88' lang='lat' dir='ltr'>nobilissi-</span> 
     </span>
     <span class='ocr_line' id='line_1_10' title="bbox 181 2765 1314 2850; baseline -0.001 -19"><span class='ocrx_word' id='word_1_48' title='bbox 181 2770 230 2831; x_wconf 75' lang='lat' dir='ltr'>mt</span> <span class='ocrx_word' id='word_1_49' title='bbox 253 2766 310 2830; x_wconf 75' lang='lat' dir='ltr'>hdo</span> <span class='ocrx_word' id='word_1_50' title='bbox 332 2766 429 2829; x_wconf 90' lang='lat' dir='ltr'>laudis</span> <span class='ocrx_word' id='word_1_51' title='bbox 452 2766 651 2850; x_wconf 67' lang='lat' dir='ltr'>palaestritae</span> <span class='ocrx_word' id='word_1_52' title='bbox 675 2768 843 2850; x_wconf 85' lang='lat' dir='ltr'>superiores</span> <span class='ocrx_word' id='word_1_53' title='bbox 866 2765 988 2830; x_wconf 89' lang='lat' dir='ltr'>habebit</span> <span class='ocrx_word' id='word_1_54' title='bbox 1012 2768 1165 2830; x_wconf 85' lang='lat' dir='ltr'>Cicero.</span> <span class='ocrx_word' id='word_1_55' title='bbox 1214 2766 1314 2838; x_wconf 82' lang='lat' dir='ltr'>Quem</span> 
     </span>
     <span class='ocr_line' id='line_1_11' title="bbox 180 2880 1315 2965; baseline 0.002 -23"><span class='ocrx_word' id='word_1_56' title='bbox 180 2880 356 2965; x_wconf 89' lang='lat' dir='ltr'>plerumque</span> <span class='ocrx_word' id='word_1_57' title='bbox 378 2903 394 2942; x_wconf 90' lang='lat' dir='ltr'>a</span> <span class='ocrx_word' id='word_1_58' title='bbox 418 2882 601 2945; x_wconf 88' lang='lat' dir='ltr'>Graecorum</span> <span class='ocrx_word' id='word_1_59' title='bbox 625 2903 675 2943; x_wconf 90' lang='lat' dir='ltr'>ore</span> <span class='ocrx_word' id='word_1_60' title='bbox 700 2880 749 2943; x_wconf 84' lang='lat' dir='ltr'>hle</span> <span class='ocrx_word' id='word_1_61' title='bbox 772 2881 948 2964; x_wconf 83' lang='lat' dir='ltr'>pependisse</span> <span class='ocrx_word' id='word_1_62' title='bbox 972 2883 1123 2955; x_wconf 87' lang='lat' dir='ltr'>novimus,</span> <span class='ocrx_word' id='word_1_63' title='bbox 1150 2902 1315 2964; x_wconf 90' lang='lat' dir='ltr'>eorumque</span> 
     </span>
     <span class='ocr_line' id='line_1_12' title="bbox 180 2993 1311 3078; baseline -0.003 -19"><span class='ocrx_word' id='word_1_64' title='bbox 180 2997 212 3059; x_wconf 90' lang='lat' dir='ltr'>in</span> <span class='ocrx_word' id='word_1_65' title='bbox 243 2993 300 3058; x_wconf 90' lang='lat' dir='ltr'>hoc</span> <span class='ocrx_word' id='word_1_66' title='bbox 329 3017 439 3078; x_wconf 86' lang='lat' dir='ltr'>genere</span> <span class='ocrx_word' id='word_1_67' title='bbox 470 2997 590 3058; x_wconf 87' lang='lat' dir='ltr'>inventa</span> <span class='ocrx_word' id='word_1_68' title='bbox 621 2996 793 3078; x_wconf 83' lang='lat' dir='ltr'>exposuisse</span> <span class='ocrx_word' id='word_1_69' title='bbox 824 2996 948 3078; x_wconf 89' lang='lat' dir='ltr'>potius,</span> <span class='ocrx_word' id='word_1_70' title='bbox 982 3016 1070 3078; x_wconf 88' lang='lat' dir='ltr'>quarn</span> <span class='ocrx_word' id='word_1_71' title='bbox 1102 2993 1311 3078; x_wconf 73' lang='lat' dir='ltr'>amplificdsse.</span> 
     </span>
     <span class='ocr_line' id='line_1_13' title="bbox 179 3109 1315 3199; baseline 0.002 -28"><span class='ocrx_word' id='word_1_72' title='bbox 179 3109 395 3172; x_wconf 83' lang='lat' dir='ltr'>Verumtamen</span> <span class='ocrx_word' id='word_1_73' title='bbox 420 3109 509 3194; x_wconf 84' lang='lat' dir='ltr'>longe</span> <span class='ocrx_word' id='word_1_74' title='bbox 534 3110 645 3193; x_wconf 89' lang='lat' dir='ltr'>majora</span> <span class='ocrx_word' id='word_1_75' title='bbox 667 3110 750 3173; x_wconf 91' lang='lat' dir='ltr'>illius</span> <span class='ocrx_word' id='word_1_76' title='bbox 774 3132 808 3173; x_wconf 89' lang='lat' dir='ltr'>ac</span> <span class='ocrx_word' id='word_1_77' title='bbox 831 3112 1009 3194; x_wconf 86' lang='lat' dir='ltr'>perenniora</span> <span class='ocrx_word' id='word_1_78' title='bbox 1033 3113 1065 3174; x_wconf 90' lang='lat' dir='ltr'>in</span> <span class='ocrx_word' id='word_1_79' title='bbox 1089 3132 1166 3199; x_wconf 68' lang='lat' dir='ltr'>eam,</span> <span class='ocrx_word' id='word_1_80' title='bbox 1193 3109 1231 3172; x_wconf 91' lang='lat' dir='ltr'>de</span> <span class='ocrx_word' id='word_1_81' title='bbox 1255 3113 1315 3194; x_wconf 74' lang='lat' dir='ltr'>qut</span> 
     </span>
     <span class='ocr_line' id='line_1_14' title="bbox 180 3223 1313 3310; baseline 0.004 -26"><span class='ocrx_word' id='word_1_82' title='bbox 180 3223 330 3297; x_wconf 81' lang='lat' dir='ltr'>dicimus,</span> <span class='ocrx_word' id='word_1_83' title='bbox 362 3223 528 3286; x_wconf 82' lang='lat' dir='ltr'>doctrinam</span> <span class='ocrx_word' id='word_1_84' title='bbox 558 3226 664 3288; x_wconf 92' lang='lat' dir='ltr'>merita</span> <span class='ocrx_word' id='word_1_85' title='bbox 693 3225 784 3286; x_wconf 89' lang='lat' dir='ltr'>fuisse</span> <span class='ocrx_word' id='word_1_86' title='bbox 814 3229 932 3289; x_wconf 88' lang='lat' dir='ltr'>constat</span> <span class='ocrx_word' id='word_1_87' title='bbox 961 3231 1049 3310; x_wconf 89' lang='lat' dir='ltr'>atque</span> <span class='ocrx_word' id='word_1_88' title='bbox 1070 3226 1191 3298; x_wconf 85' lang='lat' dir='ltr'>officia,</span> <span class='ocrx_word' id='word_1_89' title='bbox 1225 3246 1313 3308; x_wconf 90' lang='lat' dir='ltr'>quam</span> 
     </span>
     <span class='ocr_line' id='line_1_15' title="bbox 80 3320 1314 3421; baseline 0.004 -23"><span class='ocrx_word' id='word_1_90' title='bbox 80 3370 84 3378; x_wconf 39' lang='grc' dir='ltr'><em>ι</em></span> <span class='ocrx_word' id='word_1_91' title='bbox 179 3334 342 3399; x_wconf 91' lang='lat' dir='ltr'>multorum</span> <span class='ocrx_word' id='word_1_92' title='bbox 367 3335 506 3415; x_wconf 90' lang='lat' dir='ltr'>aliorum,</span> <span class='ocrx_word' id='word_1_93' title='bbox 532 3339 596 3420; x_wconf 90' lang='lat' dir='ltr'>qui,</span> <span class='ocrx_word' id='word_1_94' title='bbox 623 3337 844 3401; x_wconf 85' lang='lat' dir='ltr'>absurdissimis</span> <span class='ocrx_word' id='word_1_95' title='bbox 866 3337 988 3420; x_wconf 90' lang='lat' dir='ltr'>quidem</span> <span class='ocrx_word' id='word_1_96' title='bbox 1009 3320 1178 3420; x_wconf 72' lang='lat' dir='ltr'>quibusduo</span> <span class='ocrx_word' id='word_1_97' title='bbox 1196 3339 1314 3421; x_wconf 88' lang='lat' dir='ltr'>parien-</span> 
     </span>
     <span class='ocr_line' id='line_1_16' title="bbox 180 3428 1313 3534; baseline 0.003 -20"><span class='ocrx_word' id='word_1_98' title='bbox 180 3450 226 3514; x_wconf 89' lang='lat' dir='ltr'>dis</span> <span class='ocrx_word' id='word_1_99' title='bbox 255 3472 289 3513; x_wconf 92' lang='lat' dir='ltr'>ac</span> <span class='ocrx_word' id='word_1_100' title='bbox 318 3451 509 3514; x_wconf 89' lang='lat' dir='ltr'>venditandis</span> <span class='ocrx_word' id='word_1_101' title='bbox 537 3452 713 3534; x_wconf 84' lang='lat' dir='ltr'>placitorum</span> <span class='ocrx_word' id='word_1_102' title='bbox 744 3454 938 3532; x_wconf 90' lang='lat' dir='ltr'>commentis,</span> <span class='ocrx_word' id='word_1_103' title='bbox 971 3428 1114 3516; x_wconf 80' lang='lat' dir='ltr'>novarum</span> <span class='ocrx_word' id='word_1_104' title='bbox 1139 3474 1170 3514; x_wconf 88' lang='lat' dir='ltr'>se</span> <span class='ocrx_word' id='word_1_105' title='bbox 1193 3452 1313 3517; x_wconf 85' lang='lat' dir='ltr'>Schola·</span> 
     </span>
     <span class='ocr_line' id='line_1_17' title="bbox 178 3567 1310 3650; baseline 0 -21"><span class='ocrx_word' id='word_1_106' title='bbox 178 3585 245 3629; x_wconf 84' lang='lat' dir='ltr'>rum</span> <span class='ocrx_word' id='word_1_107' title='bbox 268 3571 406 3628; x_wconf 84' lang='lat' dir='ltr'>auctores</span> <span class='ocrx_word' id='word_1_108' title='bbox 425 3567 629 3649; x_wconf 83' lang='lat' dir='ltr'>jactaverant,</span> <span class='ocrx_word' id='word_1_109' title='bbox 662 3567 712 3628; x_wconf 92' lang='lat' dir='ltr'>sed</span> <span class='ocrx_word' id='word_1_110' title='bbox 736 3588 805 3629; x_wconf 92' lang='lat' dir='ltr'>cum</span> <span class='ocrx_word' id='word_1_111' title='bbox 829 3567 958 3649; x_wconf 83' lang='lat' dir='ltr'>primum</span> <span class='ocrx_word' id='word_1_112' title='bbox 983 3567 1125 3629; x_wconf 88' lang='lat' dir='ltr'>novitatis</span> <span class='ocrx_word' id='word_1_113' title='bbox 1148 3567 1187 3628; x_wconf 86' lang='lat' dir='ltr'>iis</span> <span class='ocrx_word' id='word_1_114' title='bbox 1213 3567 1310 3650; x_wconf 86' lang='lat' dir='ltr'>gratia</span> 
     </span>
     <span class='ocr_line' id='line_1_18' title="bbox 179 3679 1312 3762; baseline 0.002 -22"><span class='ocrx_word' id='word_1_115' title='bbox 179 3679 396 3762; x_wconf 88' lang='lat' dir='ltr'>qualiscunque</span> <span class='ocrx_word' id='word_1_116' title='bbox 418 3679 614 3754; x_wconf 85' lang='lat' dir='ltr'>decessisset,</span> <span class='ocrx_word' id='word_1_117' title='bbox 646 3681 870 3744; x_wconf 89' lang='lat' dir='ltr'>deflorescentia</span> <span class='ocrx_word' id='word_1_118' title='bbox 893 3703 927 3743; x_wconf 91' lang='lat' dir='ltr'>ea</span> <span class='ocrx_word' id='word_1_119' title='bbox 950 3680 1090 3743; x_wconf 89' lang='lat' dir='ltr'>viderunt</span> <span class='ocrx_word' id='word_1_120' title='bbox 1120 3684 1210 3762; x_wconf 85' lang='lat' dir='ltr'>atque</span> <span class='ocrx_word' id='word_1_121' title='bbox 1234 3681 1312 3743; x_wconf 88' lang='lat' dir='ltr'>auti·</span> 
     </span>
     <span class='ocr_line' id='line_1_19' title="bbox 177 3792 1313 3878; baseline 0.001 -22"><span class='ocrx_word' id='word_1_122' title='bbox 177 3801 278 3876; x_wconf 81' lang='lat' dir='ltr'>quota.</span> <span class='ocrx_word' id='word_1_123' title='bbox 311 3794 474 3857; x_wconf 80' lang='lat' dir='ltr'>Tullius</span> <span class='ocrx_word' id='word_1_124' title='bbox 496 3796 575 3857; x_wconf 89' lang='lat' dir='ltr'>enim</span> <span class='ocrx_word' id='word_1_125' title='bbox 599 3796 733 3857; x_wconf 91' lang='lat' dir='ltr'>omnium</span> <span class='ocrx_word' id='word_1_126' title='bbox 758 3797 872 3877; x_wconf 91' lang='lat' dir='ltr'>primus</span> <span class='ocrx_word' id='word_1_127' title='bbox 895 3796 965 3874; x_wconf 84' lang='lat' dir='ltr'>suit,</span> <span class='ocrx_word' id='word_1_128' title='bbox 995 3795 1046 3877; x_wconf 91' lang='lat' dir='ltr'>qui</span> <span class='ocrx_word' id='word_1_129' title='bbox 1071 3793 1183 3856; x_wconf 69' lang='lat' dir='ltr'>Latina</span> <span class='ocrx_word' id='word_1_130' title='bbox 1206 3792 1313 3878; x_wconf 73' lang='lat' dir='ltr'>lingat</span> 
     </span>
     <span class='ocr_line' id='line_1_20' title="bbox 176 3907 1313 3994; baseline -0.003 -22"><span class='ocrx_word' id='word_1_131' title='bbox 176 3907 329 3972; x_wconf 87' lang='lat' dir='ltr'>subtiliter</span> <span class='ocrx_word' id='word_1_132' title='bbox 358 3914 446 3992; x_wconf 93' lang='lat' dir='ltr'>atque</span> <span class='ocrx_word' id='word_1_133' title='bbox 478 3917 616 3972; x_wconf 88' lang='lat' dir='ltr'>accurate</span> <span class='ocrx_word' id='word_1_134' title='bbox 647 3914 823 3994; x_wconf 83' lang='lat' dir='ltr'>argumenta</span> <span class='ocrx_word' id='word_1_135' title='bbox 858 3915 987 3971; x_wconf 89' lang='lat' dir='ltr'>tractare</span> <span class='ocrx_word' id='word_1_136' title='bbox 1021 3907 1198 3992; x_wconf 88' lang='lat' dir='ltr'>philosopha</span> <span class='ocrx_word' id='word_1_137' title='bbox 1232 3909 1313 3971; x_wconf 86' lang='lat' dir='ltr'>cives</span> 
     </span>
     <span class='ocr_line' id='line_1_21' title="bbox 177 4021 1311 4106; baseline 0 -22"><span class='ocrx_word' id='word_1_138' title='bbox 177 4023 299 4085; x_wconf 88' lang='lat' dir='ltr'>doceret</span> <span class='ocrx_word' id='word_1_139' title='bbox 329 4028 359 4085; x_wconf 90' lang='lat' dir='ltr'>et</span> <span class='ocrx_word' id='word_1_140' title='bbox 390 4029 516 4086; x_wconf 86' lang='lat' dir='ltr'>exteros.</span> <span class='ocrx_word' id='word_1_141' title='bbox 564 4025 684 4086; x_wconf 90' lang='lat' dir='ltr'>Primus</span> <span class='ocrx_word' id='word_1_142' title='bbox 714 4024 810 4097; x_wconf 90' lang='lat' dir='ltr'>idem,</span> <span class='ocrx_word' id='word_1_143' title='bbox 845 4023 897 4106; x_wconf 91' lang='lat' dir='ltr'>qui</span> <span class='ocrx_word' id='word_1_144' title='bbox 926 4023 957 4084; x_wconf 91' lang='lat' dir='ltr'>iu</span> <span class='ocrx_word' id='word_1_145' title='bbox 989 4021 1152 4106; x_wconf 86' lang='lat' dir='ltr'>pleniorem</span> <span class='ocrx_word' id='word_1_146' title='bbox 1178 4022 1311 4086; x_wconf 83' lang='lat' dir='ltr'>Graecae</span> 
     </span>
     <span class='ocr_line' id='line_1_22' title="bbox 176 4134 1311 4221; baseline -0.003 -20"><span class='ocrx_word' id='word_1_147' title='bbox 176 4136 387 4221; x_wconf 88' lang='lat' dir='ltr'>Philosophiae</span> <span class='ocrx_word' id='word_1_148' title='bbox 417 4138 556 4201; x_wconf 89' lang='lat' dir='ltr'>notitiam</span> <span class='ocrx_word' id='word_1_149' title='bbox 589 4139 740 4202; x_wconf 86' lang='lat' dir='ltr'>Romanos</span> <span class='ocrx_word' id='word_1_150' title='bbox 771 4137 951 4211; x_wconf 88' lang='lat' dir='ltr'>adduceret,</span> <span class='ocrx_word' id='word_1_151' title='bbox 984 4134 1134 4220; x_wconf 88' lang='lat' dir='ltr'>hujusque</span> <span class='ocrx_word' id='word_1_152' title='bbox 1157 4137 1238 4220; x_wconf 89' lang='lat' dir='ltr'>apud</span> <span class='ocrx_word' id='word_1_153' title='bbox 1262 4157 1311 4199; x_wconf 89' lang='lat' dir='ltr'>eos</span> 
     </span>
     <span class='ocr_line' id='line_1_23' title="bbox 176 4250 1310 4334; baseline 0 -20"><span class='ocrx_word' id='word_1_154' title='bbox 176 4257 207 4314; x_wconf 88' lang='lat' dir='ltr'>et</span> <span class='ocrx_word' id='word_1_155' title='bbox 237 4251 411 4314; x_wconf 87' lang='lat' dir='ltr'>incenderet</span> <span class='ocrx_word' id='word_1_156' title='bbox 442 4252 576 4316; x_wconf 91' lang='lat' dir='ltr'>studium</span> <span class='ocrx_word' id='word_1_157' title='bbox 608 4258 638 4315; x_wconf 90' lang='lat' dir='ltr'>et</span> <span class='ocrx_word' id='word_1_158' title='bbox 665 4253 835 4315; x_wconf 85' lang='lat' dir='ltr'>facilitaret.</span> <span class='ocrx_word' id='word_1_159' title='bbox 885 4250 975 4313; x_wconf 88' lang='lat' dir='ltr'>Haud</span> <span class='ocrx_word' id='word_1_160' title='bbox 1000 4251 1103 4334; x_wconf 87' lang='lat' dir='ltr'>paucis</span> <span class='ocrx_word' id='word_1_161' title='bbox 1124 4252 1204 4313; x_wconf 92' lang='lat' dir='ltr'>enim</span> <span class='ocrx_word' id='word_1_162' title='bbox 1230 4271 1310 4314; x_wconf 90' lang='lat' dir='ltr'>eom·</span> 
     </span>
     <span class='ocr_line' id='line_1_24' title="bbox 176 4343 1388 4450; baseline -0.002 -21"><span class='ocrx_word' id='word_1_163' title='bbox 176 4368 317 4430; x_wconf 87' lang='lat' dir='ltr'>mentatis</span> <span class='ocrx_word' id='word_1_164' title='bbox 347 4372 435 4450; x_wconf 89' lang='lat' dir='ltr'>atque</span> <span class='ocrx_word' id='word_1_165' title='bbox 468 4367 556 4429; x_wconf 89' lang='lat' dir='ltr'>editis</span> <span class='ocrx_word' id='word_1_166' title='bbox 587 4368 725 4448; x_wconf 89' lang='lat' dir='ltr'>scriptis,</span> <span class='ocrx_word' id='word_1_167' title='bbox 757 4365 943 4428; x_wconf 90' lang='lat' dir='ltr'>nobilissima</span> <span class='ocrx_word' id='word_1_168' title='bbox 967 4385 1101 4447; x_wconf 88' lang='lat' dir='ltr'>quaeque</span> <span class='ocrx_word' id='word_1_169' title='bbox 1125 4365 1309 4429; x_wconf 84' lang='lat' dir='ltr'>Graecorum</span> <span class='ocrx_word' id='word_1_170' title='bbox 1386 4343 1388 4349; x_wconf 32' lang='lat'><strong><em>¹</em></strong></span> 
     </span>
    </p>
   </div>
   <div class='ocr_carea' id='block_1_7' title="bbox 0 0 1418 4950">
    <p class='ocr_par' dir='ltr' id='par_1_7' title="bbox 0 0 1418 4950">
     <span class='ocr_line' id='line_1_25' title="bbox 0 0 1418 4950; baseline 0 4"><span class='ocrx_word' id='word_1_171' title='bbox 0 0 1418 4950; x_wconf 95' lang='lat' dir='ltr'> </span> 
     </span>
    </p>
   </div>
  </div>
 </body>
</html>
