2782 4958
148 326 210 390 108
633 340 786 385 uranonnu

146 512 330 577 confidenter
345 508 383 573 sit
408 509 531 573 dictum.
563 511 605 572 Ne
625 510 706 573 enim
721 531 755 573 ea
773 510 918 595 attingam
937 515 990 575 aut
1005 531 1140 598 urgeam,
1154 517 1257 598 quaein

144 627 309 708 volumine,
323 625 404 710 quod
422 623 586 708 Prophetae
600 623 757 704 tribuitur,
770 629 965 689 monumenta
984 630 1105 691 ersom
1122 625 1257 705 bistone,

144 740 216 806 bina
237 738 404 804 consideret
426 737 597 801 testimonia
613 735 716 818 velim,
738 737 757 800 P
777 736 937 816 Porclipp.
950 739 1042 802 XXVI.
1061 740 1106 805 Ἡ
1122 746 1154 807 et
1167 743 1259 807 XXXII.

143 858 185 921 32
210 856 395 940 consignata.
444 853 610 916 Posteriora
633 852 726 928 enim,
752 852 805 935 qui
827 852 926 936 priore
949 852 1089 918 disertior
1111 861 1179 938 est,
1208 856 1261 922 lom

143 969 274 1034 Hirtiae
288 991 334 1033 rea
348 975 379 1032 et
389 970 496 1047 patere
509 969 604 1054 sacta
617 966 782 1044 maceriam
796 988 857 1030 erae
872 966 1016 1032 dicuutur
1038 977 1155 1037 m’vra'*
1178 990 1260 1060 pum,

141 1083 264 1147 Jeaai‘ue
285 1083 319 1144 ia
348 1081 529 1146 Visiona'tua.
563 1078 618 1144 Ubi
638 1078 801 1164 Prophetae
823 1079 912 1155 liber,
936 1083 991 1165 qui
1013 1088 1044 1147 et
1068 1083 1191 1149 oracula
1204 1108 1262 1151 con·

141 1196 257 1262 tinebat
274 1200 305 1261 et
326 1194 474 1274 historias,
500 1193 657 1259 collective
681 1193 835 1258 Vicianum
857 1196 990 1274 nomine,
1016 1197 1100 1280 quod
1123 1219 1140 1262 a
1162 1202 1263 1284 potiore

142 1311 306 1377 ducebatur
328 1309 376 1375 vel
399 1307 572 1373 sublimiore
602 1311 797 1394 argumento,
827 1311 996 1394 nuncupari
1018 1310 1154 1376 ridetur.
1203 1316 1263 1378 Haec

140 1427 222 1490 enim
245 1420 493 1489 Bertholdtii
517 1423 561 1508 (l)
586 1422 794 1506 interpretatio
816 1426 847 1486 et
868 1421 1091 1506 simplicissima
1107 1430 1154 1490 est
1174 1431 1205 1491 et
1220 1404 1263 1512 op

140 1541 213 1606 time
235 1561 304 1604 curn
326 1559 384 1602 usu
406 1536 550 1621 loquendi
572 1537 727 1612 convenit,
752 1557 811 1620 quo
834 1537 887 1620 qui
909 1537 1068 1616 Prophetis
1090 1539 1261 1606 debebantur

140 1654 232 1737 libri,
264 1654 383 1718 tametsi
404 1673 465 1716 non
488 1650 559 1715 solis
581 1649 757 1716 constabant
778 1652 925 1734 moralia,
957 1653 1090 1738 generali
1120 1656 1259 1721 Vrbicum

139 1769 262 1834 nomine
291 1767 352 1832 dici
382 1771 608 1832 consueverant.
667 1765 720 1830 ilic
750 1766 846 1852 igitur
877 1767 965 1831 mixti
995 1771 1170 1854 argumenti
1197 1769 1258 1834 liber

138 1885 291 1949 lesaianus
313 1886 434 1968 postea,
464 1884 546 1944 saort
574 1860 698 1944 forsitan
729 1882 760 1944 in
786 1879 986 1962 bibliothece,
1021 1884 1131 1966 majori
1162 1884 1254 1962 alicui,

138 1998 227 2082 cujus
252 2019 319 2082 pars
341 1994 516 2073 habebatur,
543 1996 626 2078 operi
649 1993 781 2078 adjectus
803 2001 892 2078 atque
914 1999 1069 2082 appositus
1099 2022 1161 2064 esse
1189 2001 1254 2066 vid·

137 2119 200 2190 tur,
222 2135 282 2197 qno
305 2114 416 2196 nepam
439 2111 539 2176 Judac
562 2119 591 2174 et
614 2110 741 2174 Iarodlir
763 2114 901 2175 Annales
923 2112 1164 2179 continebantur.
1208 2117 1253 2180 lloo

138 2229 220 2292 enim
241 2227 378 2312 proxime
400 2225 555 2309 sequentia
577 2224 747 2309 significare
769 2229 844 2308 puto
867 2222 956 2289 verba
978 2223 1112 2292 ancha
1135 2233 1204 2294 caet

181 2460 301 2534 Verum,
326 2455 373 2520 his
394 2454 533 2538 aliisque,
552 2454 663 2537 quibus
685 2452 833 2518 calculum
857 2454 983 2538 adjicere
1006 2477 1137 2539 nequeo,
1157 2457 1251 2544 seposi-

134 2578 198 2655 tus,
222 2569 408 2636 acutioribus
430 2569 553 2634 Critices
575 2569 693 2633 arbitris
715 2567 792 2633 hanc
810 2590 921 2654 ponere
941 2568 1030 2634 liceat
1048 2573 1248 2654 quaestionem,

133 2707 208 2751 num
235 2685 272 2748 de
297 2684 488 2769 scriptorum,
511 2705 587 2768 quae
604 2683 726 2747 Jeaatoa
747 2681 937 2765 tribuuntur,
962 2685 1091 2772 origine,
1117 2686 1251 2761 Introitdr

132 2800 284 2880 postrema
296 2798 435 2873 sectione,
454 2799 526 2861 satis
548 2796 743 2882 probabiliter
762 2798 908 2884 disputari
918 2800 1115 2865 existiment?
1147 2802 1198 2865 »ln
1211 2821 1249 2873 eo,

132 2913 246 2997 inquit,
271 2911 352 2997 quod
374 2913 485 2975 lesai'ae
508 2912 629 2976 nomine
650 2911 759 2993 sertam,
779 2933 868 2996 opere
882 2912 980 2998 plura,
1005 2935 1096 2997 quam
1120 2914 1186 2980 ullo
1205 2912 1252 2978 alio

132 3029 166 3092 in
189 3027 266 3092 libro
289 3025 477 3112 prophetico,
502 3027 602 3111 spuria
625 3032 696 3091 sunt
718 3029 857 3112 reposita.
897 3029 982 3104 Quod
1000 3049 1039 3092 ex
1061 3029 1155 3114 hujus
1172 3031 1253 3117 potis·

131 3143 240 3207 simum
264 3141 428 3226 Prophetae
450 3141 645 3225 repetendum
667 3141 786 3207 videtur
809 3145 996 3208 auctoritate.
1046 3146 1147 3210 Sicuti
1169 3146 1251 3225 enim,

130 3258 174 3321 ita
192 3257 304 3342 pergit,
327 3256 361 3320 in
380 3253 567 3340 legislatione
582 3254 722 3333 Moiaem,
747 3257 780 3321 in
796 3256 980 3322 Psalmorum
999 3261 1084 3343 poesi
1099 3261 1252 3337 Davidem

130 3371 278 3436 didactioo
305 3372 337 3433 in
369 3371 497 3433 carmine
520 3369 699 3434 Salomonem
723 3372 889 3456 principem
913 3371 1039 3437 habebat
1062 3373 1254 3442 Hebraeorum

129 3487 319 3562 Litteratura,
344 3484 471 3567 ideoque
493 3505 527 3547 ea
549 3485 650 3566 etiam,
677 3507 753 3568 quae
776 3508 838 3550 non
853 3487 1038 3572 scripsissent
1060 3489 1134 3574 ipsi,
1160 3510 1254 3556 eorum

130 3601 246 3664 nomini
276 3597 444 3674 tribuebat;
471 3635 513 3646 —
543 3599 623 3664 haud
653 3599 740 3664 aliter
770 3600 985 3690 Prophetarum
1018 3603 1142 3668 Ordinis
1174 3606 1255 3689 Cory·

129 3712 239 3798 phaeus
255 3711 430 3778 censebatur
452 3714 584 3791 Jeant‘ua,
596 3720 686 3799 atque
705 3716 869 3782 honorilice
888 3723 907 3784 o‘
925 3727 1103 3806 Προφήτης
1124 3725 1143 3785 ό
1160 3723 1253 3804 μέγας

130 3826 342 3912 appellabatur.
392 3830 425 3892 Si
456 3851 531 3912 quae
553 3830 661 3915 igitur,
692 3832 734 3894 ita
763 3833 907 3896 rationem
938 3831 1094 3897 concludit
1117 3833 1254 3900 Xnobe

128 3941 226 4019 lius,
248 3965 393 4027 anonymo
415 3949 585 4027 repererant
605 3944 757 4026 vaticinia,
779 3967 839 4028 quo
862 3946 969 4011 melius
988 3945 1060 4010 haec
1077 3949 1183 4034 magni
1204 3946 1253 4010 ali·

127 4058 214 4142 cujus
236 4058 366 4121 nominis
389 4059 535 4142 praesidio
557 4079 591 4121 ac
613 4057 710 4124 tutela
739 4066 996 4138 conservarentur,
1021 4059 1105 4125 illius
1127 4063 1251 4127 inserue-

125 4177 199 4237 runt
221 4177 310 4260 atque
332 4178 541 4237 annexuerunt
564 4171 762 4249 orationibus;
784 4179 873 4258 atque
894 4195 997 4238 eorum
1022 4174 1138 4259 (recens
1153 4179 1248 4242 inven-

121 4339 263 4348 -—--—-

160 4436 195 4496 (1)
215 4432 282 4483 Einl.
302 4433 326 4483 ia
347 4433 384 4484 die
401 4432 521 4500 Schriflea
545 4435 587 4486 des
604 4437 637 4487 A.
656 4454 678 4487 u.
697 4436 736 4490 N.
758 4437 786 4488 Τ.
805 4440 880 4492 Tom.
901 4440 950 4503 IV,
969 4457 996 4506 p.
1020 4448 1084 4493 1350
1102 4459 1160 4510 sqq.
