2782 4958
125 306 167 370 28
616 326 766 370 snannnro

127 493 331 592 aliorumque
352 517 425 564 cum
450 490 670 564 emolumento
688 493 893 565 fructuosum
919 491 950 563 in
972 517 1046 566 eum
1075 494 1258 593 impendere

127 617 280 690 laborem.
325 615 469 689 Primum
494 616 578 688 enirn
598 618 704 714 justos
730 617 801 713 ejus
824 615 979 688 terminos
1002 617 1149 715 prolerre
1167 619 1243 711 licet;

126 741 185 815 ubi
220 753 326 814 tamen
361 753 457 812 cauta
488 738 668 838 requiritur
702 738 875 838 prudentia
904 763 964 828 ue,
995 738 1092 812 alieni
1118 740 1194 840 quid
1218 746 1239 818 ei

128 879 250 938 temere
277 863 492 951 vindicantes,
519 862 550 933 in
576 860 693 935 malam
719 860 922 935 adducamur
948 863 1130 963 iniquitatis
1149 867 1237 963 suspi-

127 988 263 1061 cionem.
316 983 440 1059 Deinde
466 983 546 1057 ulios
571 983 737 1082 impellere
762 1009 936 1082 possumus
957 1000 993 1058 ut
1018 1011 1135 1083 agrum
1151 987 1237 1085 ingre-

127 1111 258 1184 diantur
285 1137 350 1184 non
373 1110 484 1195 otiosi,
508 1135 631 1209 eosque
657 1109 823 1209 quomodo
842 1111 875 1182 in
896 1136 936 1184 eo
957 1110 1129 1184 lustrando
1149 1113 1238 1186 colen·

128 1233 236 1334 doque
257 1234 377 1306 versari
399 1247 548 1332 oporteat
573 1235 704 1306 monitis
725 1248 758 1307 et
776 1234 933 1333 exemplis
951 1236 1088 1324 docere;
1111 1237 1236 1320 neforto,

127 1358 273 1430 locorum
291 1356 415 1429 ambitu
429 1371 528 1456 atque
550 1357 745 1453 ambagibus
770 1371 860 1430 recto
882 1356 1010 1431 seducti
1029 1384 1048 1432 a
1064 1360 1202 1443 tramite,
1214 1359 1236 1429 in

129 1480 222 1553 devia
249 1481 394 1552 ferentur
430 1494 529 1580 atque
566 1479 669 1552 oleam
709 1480 826 1553 misere
866 1480 1004 1579 perdant
1046 1496 1080 1554 et
1114 1507 1234 1580 operam.

128 1604 253 1676 Eodem
289 1606 320 1674 in
350 1629 480 1701 campo,
515 1605 578 1676 lato
603 1619 734 1703 patente
766 1604 818 1676 illo
850 1630 888 1676 ac
918 1605 1033 1678 mirum
1059 1606 1093 1677 in
1126 1604 1236 1678 modun

128 1728 311 1824 variegato,
338 1726 436 1800 llores
464 1742 541 1800 suut
564 1728 729 1826 laetaque,
754 1728 876 1827 quibus
901 1728 1069 1816 alliciaris,
1096 1728 1234 1801 viridaria

128 1851 192 1925 Sed
216 1851 325 1925 aridae
349 1867 427 1925 sunt
455 1852 574 1924 ibidem
598 1877 712 1950 vepres
736 1852 915 1951 spinaeque
938 1868 970 1925 et
998 1853 1146 1942 horride,
1170 1850 1236 1925 mul·

128 1992 180 2050 tos
208 2002 293 2076 quae
320 1975 504 2062 deterrent,
530 1974 672 2048 dumeta.
724 1975 823 2048 Vides
849 1975 948 2073 igitur
978 1976 1027 2048 vel
1053 1976 1085 2048 in
1115 1975 1238 2049 amoenis

127 2100 228 2189 illius,
253 2099 308 2172 ubi
329 2100 435 2172 omnia
458 2098 592 2187 florent,
617 2099 719 2173 hortis
740 2125 779 2171 eo
805 2099 938 2172 consilio
968 2102 1085 2172 morari
1111 2115 1144 2174 te
1164 2123 1239 2201 posse

128 2249 166 2297 ac
195 2237 227 2296 te
255 2223 435 2311 continere,
463 2234 500 2294 ut
522 2247 561 2295 ex
587 2223 709 2321 pulcris
735 2221 852 2295 reddas
879 2247 935 2295 eos
963 2223 1158 2320 pulcriores,
1184 2222 1236 2306 vel,

128 2346 155 2418 si
181 2346 263 2418 forte
290 2344 539 2430 audentiores,
567 2345 610 2416 ita
635 2344 666 2415 in
690 2344 882 2443 spississima
909 2370 1076 2444 quaeque,
1103 2371 1188 2446 queo
1207 2342 1240 2417 ibi

127 2470 247 2564 rigent,
266 2483 437 2567 penetrare
461 2482 609 2566 veprete,
632 2482 668 2540 ut
685 2467 755 2540 aliis
780 2469 875 2541 etiam
895 2468 1009 2542 eodem
1032 2469 1156 2542 aditum
1179 2492 1242 2568 ape

127 2593 206 2682 rias,
234 2608 332 2692 atque
355 2592 419 2664 illio
444 2617 577 2691 quoque
600 2591 677 2689 ipsis
700 2591 763 2663 sub
786 2591 933 2664 acanthis
951 2592 1048 2665 llores
1069 2592 1243 2667 delitescere

128 2716 166 2788 iis
184 2714 345 2788 ostendas.
396 2715 512 2786 Paucis
539 2728 575 2786 ut
600 2715 708 2787 omnia
730 2714 941 2814 complectar,
963 2741 1061 2813 quam
1081 2716 1245 2789 immensus

128 2851 178 2911 cst
201 2863 351 2935 campus,
373 2852 437 2910 tam
458 2837 582 2912 inlinito
602 2840 707 2937 spatio
727 2839 871 2912 diversas
896 2865 931 2912 se
958 2840 1144 2914 demerendi
1166 2841 1247 2914 offert

128 2962 278 3058 agricolis
302 2962 572 3061 opportunitates.

177 3088 264 3184 Aper
288 3087 341 3160 ille
368 3085 488 3159 Christi
508 3086 671 3160 Societmrs
694 3099 743 3159 est
762 3087 923 3173 Historia,
949 3087 982 3159 in
1007 3093 1072 3187 qud
1093 3086 1249 3187 quomodo

129 3230 279 3287 versatus
299 3213 340 3284 sit
369 3211 680 3310 Royaardsius‚
707 3210 780 3283 rudi
807 3225 895 3284 certe
923 3212 1071 3308 penicillo
1100 3213 1170 3310 agri
1191 3215 1250 3310 jam

129 3339 200 3411 Tibi
226 3336 372 3436 depinxit
403 3336 519 3431 imago.
572 3337 608 3406 ln
642 3334 841 3407 nobilissime
874 3334 958 3407 enim
988 3335 1049 3408 hac
1078 3337 1254 3437 eademque

129 3461 315 3534 difficillime
340 3460 456 3548 totius,
482 3464 547 3558 qud
566 3458 628 3530 late
646 3473 746 3556 patet,
771 3457 959 3556 discipliuae
982 3459 1155 3532 historicae
1168 3473 1255 3560 parte

128 3585 215 3658 vitae
234 3588 338 3682 posito
355 3582 533 3670 domicilio,
549 3596 691 3670 tantum,
710 3596 869 3681 quantum
891 3582 1075 3681 aequalium
1091 3581 1254 3681 perpauci,

128 3707 353 3781 Studiosorum
380 3731 570 3790 numerum,
597 3730 674 3777 sena
700 3731 757 3804 per
782 3706 901 3795 lustra,
927 3708 998 3804 ejus
1015 3721 1048 3779 et
1064 3732 1178 3780 amore
1195 3708 1255 3779 inr-

129 3831 201 3902 buit
218 3844 250 3902 ct
263 3829 446 3924 cognitione
464 3829 561 3901 auxit.
605 3827 703 3913 Quod
725 3828 889 3928 quomodo
910 3829 1038 3917 lecerit,
1061 3856 1160 3928 quam
1184 3857 1257 3904 con·

126 3967 259 4040 stanter,
277 3977 374 4050 quam
393 3949 530 4036 erudite,
549 3950 636 4049 quali
655 3976 728 4023 curn
751 3950 867 4024 ardore
885 3965 983 4024 testes
995 3952 1153 4050 Discipuli
1172 3967 1256 4041 sunt,

127 4076 195 4149 suis
207 4074 325 4172 singuli
340 4075 461 4146 meritis
478 4073 609 4169 cogniti,
629 4073 923 4160 Scholtenius,
950 4073 1149 4164 Glasius,
1166 4078 1258 4149 Oos·

128 4205 310 4286 terreus,
343 4195 395 4269 alii
422 4196 550 4294 passim.
603 4198 672 4269 Nec
698 4197 729 4269 in
756 4196 912 4270 cathedra
936 4197 1041 4271 solum
1074 4200 1258 4274 academica

127 4321 273 4397 docendo
300 4321 381 4394 baec
401 4319 480 4392 aluit
505 4319 620 4392 studia.
673 4322 879 4420 Qudeunque
896 4321 980 4393 enirn
1006 4336 1133 4420 poterat
1157 4325 1208 4397 via
1227 4338 1258 4398 et

127 4457 323 4549 quacunque
343 4471 421 4519 usus
438 4445 698 4542 opportunitate,
720 4446 771 4519 vel
792 4461 907 4543 sponte
930 4447 1039 4520 oblata
1056 4448 1105 4520 vel
1123 4451 1258 4523 solerter
