2782 4958
594 363 759 410 sausoure.
1183 345 1246 410 105

110 537 223 613 mista,
245 537 325 600 maia
349 534 451 606 bocas.
477 532 573 598 multo
603 535 635 598 id
662 535 772 618 majore
793 533 920 619 juread
939 533 1045 620 ingens
1072 534 1247 619 hujusmodi

110 655 215 735 potest
238 648 378 734 applicari
401 648 637 724 Promtuurium;
661 646 748 732 cujus
774 646 848 711 varii
872 647 989 732 generis
1018 649 1118 733 pensis
1146 649 1246 715 elabo-

109 765 235 837 randis,
260 786 315 850 pro
334 762 527 847 Bibliopolas,
553 767 589 825 ut
610 762 743 838 videtur,
772 783 861 826 seusu
883 783 917 826 ac
937 763 1064 847 judicio,
1091 765 1143 828 alii
1165 764 1248 829 adhi-

108 880 264 947 bebantur
287 903 303 944 a
326 880 478 943 doctrinae
508 879 594 964 copii
628 879 699 942 satis
721 879 816 964 parati
839 879 985 963 opifices,
1016 877 1086 956 alii,
1119 901 1248 963 quorum

111 996 272 1061 audaciam
293 995 395 1080 potius
417 994 519 1057 mirari
541 991 664 1072 subeat,
690 1014 779 1076 quam
802 993 1010 1057 eruditionem.
1045 1033 1084 1042 —
1110 996 1142 1059 ln
1165 1016 1248 1081 prae·

111 1107 314 1174 stantioribus
342 1109 457 1193 igitur,
492 1107 544 1190 qui
577 1107 610 1170 in
636 1108 826 1191 exegeticum
859 1106 952 1170 hocce
981 1108 1158 1192 prodierunt
1182 1108 1249 1173 the·

113 1231 232 1306 atrum,
257 1221 415 1287 Actoribus
437 1202 670 1286 Kn'obelium
693 1243 812 1285 censere
829 1243 891 1285 non
907 1220 1024 1290 dubito.
1057 1226 1130 1288 Nam
1145 1223 1252 1289 melior

114 1359 189 1402 sane
224 1344 288 1419 est,
320 1359 410 1420 quem
436 1339 570 1400 iustus
604 1334 916 1412 Olsheusenius‚
949 1337 1036 1421 cujus
1058 1339 1250 1402 tenuissimae

116 1453 277 1536 eidemque
296 1451 506 1517 audacissimus
525 1451 706 1516 Psalmorum
729 1451 969 1536 Interpretationi
995 1451 1092 1535 siqui
1115 1450 1250 1517 laudato·

115 1590 164 1633 rea
187 1566 381 1653 obtigerunt,
406 1588 512 1631 eorum
534 1587 591 1630 nec
617 1565 681 1629 veri
703 1565 943 1651 perspicientiam
965 1565 1093 1631 laudabo
1116 1588 1172 1631 neo
1195 1568 1250 1631 cri·

115 1683 214 1748 ticum
236 1703 360 1746 acumen
385 1683 441 1764 (l).
490 1679 592 1745 Melior
614 1685 658 1745 est
688 1686 740 1744 aut
769 1680 874 1745 utilior
900 1686 979 1745 certe
1011 1680 1136 1764 lectori,
1162 1703 1251 1765 quam

117 1796 348 1882 ilitzigius,
374 1796 437 1879 qui,
463 1797 599 1878 quamvis
621 1794 889 1860 Olshausenio
911 1794 951 1858 sit
969 1795 1094 1880 ingenio
1116 1797 1252 1880 superior

119 1918 151 1979 et
171 1912 324 1989 deotflat,
351 1916 413 1975 tam
439 1909 567 1974 obscuro
598 1931 660 1973 non
694 1930 760 1974 raro
786 1909 884 1972 utitur
919 1909 1066 1972 ductores
1095 1907 1252 1972 enarrandi

120 2048 244 2115 genere,
273 2030 321 2108 ut,
342 2025 431 2089 sicuti
458 2024 702 2089 Heraclitum
722 2029 848 2106 veterae,
873 2023 1079 2088 tenebricosam
1098 2023 1167 2107 jure
1182 2044 1252 2087 eum

120 2143 242 2208 dixeris.
288 2143 409 2223 Verum,
434 2140 515 2223 quod
529 2137 578 2203 vel
592 2141 721 2206 maxime
741 2138 923 2203 laudandum
945 2142 1009 2216 est,
1035 2136 1125 2223 longe
1147 2137 1253 2203 melior

117 2258 181 2343 jam
206 2279 238 2321 sc
260 2256 324 2336 queo
347 2253 571 2319 Knobelius
598 2259 736 2340 apparet,
764 2254 796 2319 id
819 2259 864 2317 est
889 2251 1014 2334 melior,
1043 2274 1132 2337 quam
1158 2252 1255 2338 qualis

122 2376 198 2453 erat,
213 2368 278 2450 ubi,
297 2375 365 2434 ante
376 2370 519 2433 undecim
533 2367 588 2433 hos
599 2390 704 2445 anuos,
719 2369 923 2433 commentarii
941 2370 974 2432 in
989 2371 1112 2433 lesaiam
1126 2369 1255 2454 priorem

120 2488 276 2550 'curaverat
292 2483 465 2549 editionem.
490 2484 588 2560 Quod,
606 2505 701 2567 quum
712 2504 778 2548 meo
798 2482 873 2547 mihi
897 2483 1079 2549 constitisset
1097 2504 1154 2548 usu
1166 2489 1255 2567 atque

119 2655 262 2667 Μ

157 2777 195 2839 (1)
223 2776 265 2826 De
290 2775 368 2825 hocce
392 2772 629 2830 orchomenio,
659 2773 849 2825 liiraeliaui
876 2774 904 2823 iu
932 2771 1054 2824 Jotadem
1082 2773 1257 2824 commentarii

122 2870 245 2930 Editore,
264 2869 321 2918 loco
338 2882 414 2917 mem.
432 2883 457 2930 p.
476 2870 519 2927 44,
538 2866 630 2917 leniter
647 2866 784 2918 admodum
802 2867 865 2917 dixi.
900 2865 941 2916 Ac
961 2880 994 2916 ue
1011 2881 1079 2917 nunc
1093 2867 1194 2930 quidem
1206 2867 1257 2916 dic·

122 2972 210 3013 torum
228 2974 269 3011 me
281 2963 403 3025 poenitet.
420 2958 492 3009 Malo
510 2960 578 3010 enim
593 2960 673 3010 nimia
688 2961 807 3010 censendi
824 2960 930 3010 lenitate
947 2973 1060 3024 peecare,
1071 2973 1146 3023 quam
1158 2959 1258 3009 severi·

123 3062 187 3106 tate.
223 3054 284 3104 Jam
306 3067 368 3103 sero
389 3053 416 3103 in
440 3050 550 3103 Psalmis
572 3053 769 3117 interpretandis
795 3060 848 3103 tam
873 3055 958 3118 inepte
976 3058 1090 3102 versatus
1108 3058 1147 3103 est
1163 3058 1189 3102 et
1205 3058 1258 3101 tam

125 3151 263 3209 audacter,
289 3153 317 3196 ut
338 3147 400 3196 meis
425 3147 480 3211 ipse
505 3148 550 3196 vix
572 3145 649 3196 fidem
667 3146 786 3196 haberem
804 3147 900 3204 oculis,
927 3145 973 3195 ubi
988 3150 1054 3193 certa
1072 3159 1101 3194 ac
1118 3141 1259 3208 piilclopici

126 3243 168 3292 vit
186 3256 245 3292 euru
263 3254 317 3289 rem
336 3241 433 3303 egisse,
462 3240 525 3289 duos
545 3238 701 3289 affirmantes
728 3240 779 3288 vidi
803 3235 936 3289 Censores.
974 3237 1092 3299 Quorum
1110 3236 1188 3297 alter,
1215 3235 1260 3289 W.

127 3331 349 3391 Neumannus,
377 3335 529 3382 seutentiam
553 3333 617 3382 dixit
636 3333 661 3381 in
680 3332 897 3383 Rudelbaehii
915 3340 940 3382 et
958 3329 1112 3382 Guerikii
1133 3327 1256 3379 Zeitecir.

121 3430 148 3490 fi
165 3425 204 3476 die
221 3441 272 3490 pce.
289 3423 361 3475 Lati.
379 3423 460 3475 Tleol.
486 3431 557 3475 1855.
577 3431 601 3475 2.
618 3439 646 3488 p·
662 3431 712 3476 806
730 3439 797 3489 sqq.;
823 3425 902 3482 alter,
921 3422 1073 3490 Anonymus
1090 3425 1129 3483 Ia,
1147 3429 1173 3475 in
1191 3423 1258 3475 theol.

128 3517 282 3572 Muretus-bl.
313 3536 335 3566 a.
361 3518 395 3567 Α.
415 3517 545 3580 (Darmet.)
564 3517 599 3568 K.
616 3518 650 3569 Z.
671 3523 746 3578 1851,
765 3518 813 3568 110.
833 3521 874 3568 72.
909 3517 1071 3583 Quamquam
1098 3520 1139 3569 hic
1156 3519 1258 3569 aliunde

128 3615 213 3678 potius
231 3627 288 3663 eam
308 3626 374 3676 quae
391 3612 451 3661 dicit
467 3613 614 3677 excerpsisse
632 3612 733 3673 fatetur,
751 3627 827 3677 quam
839 3627 885 3662 suo
903 3626 936 3661 ex
948 3612 1017 3663 fonte
1030 3612 1149 3662 hausisse.
1161 3638 1192 3649 -
1202 3612 1258 3663 Me·

129 3708 179 3757 lius
205 3707 248 3755 hic
265 3705 367 3768 quidem
386 3720 444 3755 curn
467 3705 612 3756 Eualdio
631 3707 692 3756 mihi
710 3707 829 3756 convenit
846 3703 946 3767 (Jahrb.
964 3704 1007 3755 der
1024 3703 1092 3755 Bibl.
1114 3703 1258 3756 Wieecaeci.

129 3801 165 3850 V.
186 3802 353 3849 1852-1853
369 3814 396 3862 p.
416 3803 465 3847 250
482 3801 558 3863 sqq),
578 3799 647 3849 illius
664 3814 743 3863 quum
762 3799 857 3860 crisin,
875 3807 929 3850 turn
948 3799 1081 3862 exegesis,
1100 3807 1154 3849 tum
1174 3800 1259 3851 inimi·

128 3908 187 3943 cum
208 3892 235 3941 in
253 3890 278 3941 S.
298 3885 326 3937 O.
345 3889 452 3954 ejusque
475 3892 624 3955 interpretes
642 3893 773 3951 animum,
799 3906 850 3942 nou
869 3893 949 3954 magis
966 3906 1070 3950 severe,
1098 3906 1175 3956 quam
1189 3891 1259 3955 jaste

129 3986 276 4047 castigante.
297 4007 326 4018 ·-
346 3983 386 4033 De
403 3983 490 4033 critica
508 3984 610 4047 quidem
627 3983 683 4046 ejus
701 3985 798 4034 ratione
816 3984 864 4034 hoc
882 3999 962 4035 uuum
988 3998 1021 4035 ex
1042 3985 1129 4036 multis
1156 3999 1259 4036 monere

129 4078 246 4128 sufficiat.
276 4075 418 4140 Plerosque
435 4090 523 4126 omnes
542 4075 659 4126 Psalmos
676 4091 709 4126 ex
720 4075 919 4127 Maccahaeorum
930 4079 1022 4142 repetit
1033 4084 1126 4139 aetate,
1142 4087 1170 4128 ut
1182 4078 1258 4128 Daui·

130 4170 196 4220 dicae
215 4171 247 4220 sit
265 4170 361 4229 nullus,
381 4184 414 4218 ex
432 4177 556 4235 tempore,
574 4172 642 4233 quod
660 4173 812 4220 destructam
830 4171 963 4221 antecessit
983 4170 1189 4235 Hierosolymam
1206 4183 1258 4220 uon

131 4263 178 4312 uisi
199 4262 344 4328 paucissimi
361 4262 474 4325 quidam.
494 4263 577 4325 Quam
591 4264 646 4327 ejus
659 4266 809 4316 senteutiam
823 4266 929 4331 exponit
938 4279 984 4315 nec
994 4281 1052 4316 vero
1061 4267 1150 4330 probat
1162 4265 1260 4314 Duee·

130 4356 350 4414 tardissimus,
369 4357 538 4407 inReuteri
555 4356 688 4423 clip.Rap.
704 4359 774 4422 Aug.
789 4365 862 4418 1856,
880 4375 905 4422 p.
918 4364 948 4408 97
960 4373 1015 4424 sqq.
1038 4358 1168 4421 Quorsum
1177 4361 1260 4409 haeci

130 4448 168 4499 Ne
179 4450 308 4505 nimirum,
318 4465 333 4499 a
342 4465 381 4499 mc
392 4465 441 4501 non
452 4452 548 4509 moniti,
558 4466 604 4517 pto
613 4451 728 4516 frugibus
737 4453 843 4517 glandes
852 4454 898 4504 sibi
907 4460 1055 4518 comparent
1061 4450 1261 4504 commilitones.
