2782 4958
135 331 201 394 140
523 349 563 391 nr
587 347 686 392 aurun
709 349 873 392 nrroucms

134 514 213 577 ticos
233 513 385 595 novimus,
412 513 465 598 qui
487 511 617 598 singulis
639 517 774 578 veterum
798 514 978 597 scriptorum
1000 512 1085 595 loeis,
1103 515 1144 580 iis
1159 518 1259 597 etiem,

134 626 246 713 quibus
275 628 353 693 nihil
382 631 419 692 ad
450 628 607 692 sanitatem
639 635 693 692 eut
721 628 928 714 integritatem
958 628 1061 692 deese
1091 631 1261 707 rideretur,

134 744 302 820 tentandis,
327 743 496 823 mutandis,
527 743 712 828 retingendis
734 748 797 807 tam
819 743 946 807 mirifice
968 741 1205 825 delectarentur,
1229 750 1264 808 nt

133 857 171 922 ab
192 860 258 944 ipsu
280 859 353 923 adeo
375 836 483 922 netnrt
506 863 601 921 matre
624 858 660 921 ed
684 856 761 921 hanc
784 857 956 942 corrigendi
979 856 1138 922 libidinem
1157 859 1265 942 impul·

132 992 182 1036 sos
204 993 254 1036 eoa
276 978 397 1056 putares
420 993 455 1036 ac
475 971 656 1035 stimulatos.
704 972 778 1036 Non
800 972 897 1056 magis
918 972 1017 1056 igitur
1039 971 1077 1036 de
1098 972 1264 1038 solidorum

130 1086 215 1150 Sacri
237 1087 359 1151 Codicis
373 1087 553 1170 scriptorum
568 1085 687 1169 origine
702 1092 754 1150 ent
769 1086 931 1148 veracitate
947 1082 1106 1149 dubitandi
1121 1105 1158 1148 eo
1173 1083 1265 1150 dubia

130 1200 300 1285 proferendi
323 1201 455 1285 pruritui
471 1200 589 1264 cuidam
608 1200 727 1263 interno
743 1221 777 1263 ec
797 1199 955 1283 cupiditati
971 1198 1111 1264 resistere
1130 1201 1264 1284 potuisse

130 1314 264 1393 ridetur,
288 1314 325 1378 de
347 1334 408 1397 quo
431 1313 573 1392 dicimus,
596 1313 740 1378 (initiens.
787 1313 866 1376 Ecce
897 1334 969 1377 vero
999 1333 1179 1398 germanum
1207 1313 1264 1378 tibi

129 1426 300 1513 Iprrdone'e
321 1427 436 1492 filiuml
467 1427 511 1491 De
534 1427 598 1491 suis
620 1428 683 1512 ipse
705 1425 965 1511 dubitationibus,
982 1447 1057 1511 ques
1079 1427 1177 1513 pelam
1196 1449 1264 1513 pro·

69 1554 72 1560 ·
130 1541 259 1623 diderat,
277 1541 415 1606 dubitare
432 1562 493 1605 non
511 1541 598 1605 facile
610 1540 776 1606 desinebat.
814 1543 883 1606 Nec
905 1563 985 1618 raro,
1001 1563 1078 1627 qnae
1090 1544 1194 1628 spuria
1211 1548 1264 1606 aut

130 1657 231 1720 minus
253 1677 322 1721 vera
345 1679 409 1721 esse
432 1657 581 1740 suspicata
604 1661 668 1720 erat
689 1657 849 1741 utriusque
871 1657 1015 1742 Ieagoges
1031 1657 1079 1721 vel
1101 1656 1264 1722 Commen-

131 1770 276 1834 tariorum
306 1772 389 1855 prior
417 1771 516 1855 aliqua
546 1769 658 1846 editio,
691 1792 742 1851 ea,
775 1772 834 1834 nisi
863 1769 1021 1848 tuebatur,
1044 1777 1126 1835 certe
1150 1774 1263 1837 intecta

130 1882 329 1968 relinquebat,
353 1905 429 1968 quae
451 1882 530 1948 hanc
552 1882 652 1970 aliquo
675 1885 818 1970 temporie
841 1887 937 1970 spatio
968 1883 1154 1969 excipiebat,
1186 1908 1263 1952 nova

128 1999 231 2063 editio.
277 1996 363 2069 Quas
383 2005 496 2081 tamen,
520 2000 657 2082 quamuis
678 2001 910 2086 inexspectatus,
935 2000 1111 2084 opinionum
1135 2021 1262 2065 couver-

130 2115 229 2177 siones
251 2115 319 2199 quis
341 2135 402 2178 non
426 2115 550 2198 aequior
580 2112 692 2178 arbiter
713 2115 818 2195 enimi,
851 2114 887 2177 ed
910 2134 1015 2179 verum
1044 2115 1262 2181 invemendam

129 2247 284 2311 nunquam
306 2240 367 2291 non
391 2227 528 2307 nitentis,
554 2229 676 2292 conatui
693 2225 826 2290 tribuere
841 2224 939 2303 malit,
958 2246 1048 2311 qnam
1064 2246 1158 2314 segue
1178 2251 1262 2293 men·

129 2340 170 2405 tis
194 2362 229 2406 ac
250 2340 429 2407 fluctuantis
450 2340 690 2407 inconstantiae?

174 2571 256 2647 Etsi,
282 2575 417 2656 tempore
440 2592 474 2634 ac
497 2571 593 2655 spatio
616 2569 743 2652 exclusi,
760 2568 902 2655 pleraque
924 2570 1038 2633 intecta
1061 2568 1262 2654 relinquimus

129 2685 354 2750 De-Wemu
386 2685 516 2769 scripta,·
548 2685 585 2748 de
623 2683 846 2750 Commentario
874 2690 992 2761 temen,
1023 2684 1087 2748 sive
1117 2681 1262 2749 brevibus

127 2801 229 2884 potius
251 2799 431 2876 Anuotetis,
453 2796 563 2882 quibus
585 2799 675 2861 editis
698 2820 801 2892 omues
819 2799 960 2884 deinceps
974 2799 1058 2864 Novi
1076 2799 1262 2865 Testamenti

127 2911 221 2977 libros
242 2913 418 2993 illustravit,
443 2935 531 2997 opere
555 2912 611 2977 sub
635 2914 733 2998 ipsum
757 2914 876 2977 demum
901 2915 980 2976 vitae
1005 2914 1094 2978 finem
1118 2912 1156 2977 ab
1179 2917 1263 2979 Auc-

128 3033 194 3090 tore
225 3025 379 3104 nbsoluto,
416 3025 560 3091 nonnulla
591 3024 677 3090 nobis
710 3027 836 3091 dicenda
870 3027 1011 3093 videntur
1038 3028 1101 3113 (l).
1148 3027 1262 3112 Neque

129 3193 282 3205 *

163 3304 200 3366 (1)
219 3303 262 3352 W.
280 3303 317 3353 M.
333 3303 366 3354 L.
379 3307 415 3354 de
430 3303 546 3364 Wette,
564 3303 742 3370 knrzqeffisrrea
757 3321 823 3370 περ.
838 3304 974 3354 Honddued
986 3320 1040 3353 enm
1050 3302 1089 3356 N·
1105 3302 1134 3354 T.
1154 3303 1259 3370 Operis,

127 3397 195 3461 quod
209 3395 281 3462 Lipa.
298 3412 321 3446 a.
342 3403 405 3447 1888
421 3398 461 3447 edi
477 3404 594 3461 coeptum
620 3407 667 3456 est,
694 3413 723 3447 ec
746 3401 870 3463 proximis
895 3399 1013 3462 deinceps
1036 3397 1156 3446 tredecim
1182 3399 1261 3447 annis

126 3483 279 3552 absolutum,
298 3492 433 3556 pleraeque
449 3499 534 3555 partes
551 3492 589 3541 bis
605 3501 650 3541 ant
667 3493 766 3554 saepius
791 3493 904 3555 repetitis
925 3492 1099 3554 frequenmtae
1116 3497 1177 3539 sunt
1203 3491 1261 3540 edi-

36 3604 41 3615 ·
126 3583 245 3634 tionibus.
281 3583 356 3645 Quod
373 3585 523 3634 brevissima
539 3585 602 3634 haee
619 3587 734 3634 ostendet
748 3586 849 3642 tubelle,
863 3599 937 3647 quem
956 3586 997 3640 iis,
1010 3584 1053 3647 qui
1072 3583 1260 3633 recentissimas

126 3690 238 3739 quasque
255 3677 302 3727 ribi
319 3691 466 3742 comparare
484 3677 563 3726 velint
578 3678 661 3741 operis
682 3679 815 3736 editiones,
833 3692 885 3726 non
899 3679 1024 3740 ingentem
1041 3676 1094 3726 fore
1112 3688 1258 3739 speremus.

159 3859 236 3910 Tem.
254 3861 275 3910 1.
294 3861 326 3915 P.
348 3867 357 3911 1
378 3861 404 3910 in
423 3860 522 3925 Euang.
542 3863 675 3920 Matthaei,
695 3862 736 3912 ed.
754 3866 836 3920 tertia,
854 3880 878 3912 a.
900 3867 974 3913 1845.

158 3978 320 3991 --—-
344 3960 527 4004 2—-
542 3957 607 4006 Luc.
625 3965 650 4006 et
664 3957 755 4018 Marci,
773 3959 812 4006 ed.
831 3959 916 4015 tertia,
939 3961 1014 4006 1846.

158 4069 324 4082 ---
343 4043 761 4112 e—etepp..10'enn.,
781 4051 819 4098 ed.
838 4049 922 4107 tertia,
942 4054 1015 4098 1848.

153 4164 325 4177 --—-
344 4146 361 4189 4
378 4166 410 4178 —
427 4138 495 4192 Acta
510 4141 590 4207 App,
608 4142 685 4191 editio
702 4143 786 4202 tertia,
808 4146 880 4192 1848.

138 4233 280 4285 ’--ΙῙ.
292 4236 323 4286 Ρ.
344 4242 354 4286 1
375 4262 407 4273 -
425 4251 465 4300 ep.
484 4239 516 4287 ad
536 4237 609 4286 Rom.
627 4237 667 4287 ed.
682 4242 782 4300 quarte,
800 4252 823 4285 a.
846 4238 919 4284 1847.

147 4353 312 4364 ----
342 4335 357 4378 2
376 4355 408 4367 -
427 4345 482 4395 epp.
495 4332 526 4379 ad
542 4327 696 4387 Corinthios,
716 4331 754 4380 ed.
772 4332 890 4388 secunde,
910 4335 983 4379 1845.

145 4445 309 4456 ——----
342 4426 525 4470 3---
540 4421 597 4473 Gel.
615 4429 639 4473 et
654 4421 755 4482 Thess,
773 4424 811 4472 ed.
828 4425 947 4481 secunde,
968 4428 1039 4473 1845.
