2782 4958
628 119 806 164 rusouoora.
1211 109 1272 171 137

185 284 250 350 His
268 287 341 371 jam,
368 306 495 369 quorum
518 306 535 349 a
557 285 707 371 plerisque
729 283 903 368 aequalibus
918 284 1090 371 neglectum
1105 294 1152 352 est
1167 311 1274 356 nomeu

133 405 169 463 et
183 399 305 477 abitus,
322 401 466 465 continuo
485 400 573 465 binos
588 421 769 484 apponamus
785 399 905 484 (quidni
920 400 1035 464 dicamr
1051 406 1275 489 opponamusl')

127 519 266 577 nostrae
296 514 471 599 disciplinae
507 513 674 590 Doctores,
714 535 843 598 quornm
880 516 1054 594 memoriae,
1096 519 1176 602 quod
1215 520 1276 584 illis

125 626 238 712 vulgo
269 636 412 714 negatum
444 629 587 707 uidimus,
622 627 740 695 abunde
773 651 807 693 ac
837 628 1002 695 liberaliter
1035 631 1183 697 tributum
1216 640 1275 700 est.

122 762 344 808 ncwumrou
368 766 414 808 me
437 743 537 808 dicere
560 748 591 808 et
613 765 785 810 suanorum
807 745 857 809 vix
889 767 964 830 opus
991 752 1037 810 est
1066 752 1103 811 ut
1124 770 1272 813 moneam.

180 878 375 922 wrunnnnus
405 878 563 923 minumus
592 879 760 924 onruosros
792 858 992 945 (nnaaauonr)
1022 883 1062 927 uu
1091 882 1212 944 narra,
1245 887 1273 930 a.

124 975 247 1048 1780,
259 971 349 1036 Ullae
371 994 463 1059 prope
486 971 638 1037 Vimariae
662 972 766 1038 urbem
789 959 891 1049 natus,
916 997 943 1038 a.
973 979 1057 1041 1810
1080 998 1184 1041 recens
1204 1000 1275 1043 eon·

122 1083 207 1149 dica
240 1084 486 1150 Berolinensium
517 1085 550 1149 in
581 1086 745 1152 Academia
777 1087 960 1172 Theologiae
993 1090 1148 1155 Professor
1177 1092 1277 1157 dictus

123 1204 199 1263 est.
223 1248 226 1255 .
255 1198 326 1270 Quo
349 1221 484 1275 munere,
510 1202 620 1284 magud
643 1221 712 1264 oum
735 1201 851 1285 ingenii
877 1202 1089 1288 doctrinaeque
1105 1205 1203 1281 laude,
1225 1229 1278 1291 per

125 1316 332 1380 novennium
356 1317 478 1380 circiter
506 1316 610 1380 functo
628 1317 778 1379 nefastum
801 1317 919 1380 exstitit
940 1317 1095 1398 Sandii,
1121 1321 1278 1405 praecipiti

127 1430 275 1494 audacia
294 1430 428 1515 juvenis,
454 1432 506 1516 qui
529 1433 586 1497 Au
595 1437 750 1516 gustum
774 1431 794 1494 b
816 1432 1024 1497 Kotuebue
1046 1454 1118 1499 suos
1139 1435 1216 1520 apud
1236 1434 1279 1499 la·

128 1563 192 1606 res
216 1544 398 1628 necopinata
421 1543 510 1607 caede
532 1555 733 1628 oppresserat,
756 1549 842 1609 atrox
859 1552 889 1609 et
904 1546 1035 1610 immane
1058 1550 1182 1614 crimen.
1208 1549 1279 1614 Hoc

130 1657 228 1721 enim
258 1655 313 1721 ubi
343 1658 536 1722 commissum
565 1678 630 1721 esse
660 1664 846 1744 compererat
875 1658 1062 1745 Theologus‚
1099 1663 1278 1728 ferocissimi

126 1772 268 1855 juvenis
291 1773 328 1836 ad
352 1777 476 1837 matrem
499 1772 720 1837 inconsiderate
742 1774 887 1858 scriptam
914 1774 998 1838 dedit
1027 1775 1182 1861 epistolam
1208 1798 1280 1842 con·

132 1885 332 1962 solatoriam3
366 1885 418 1949 ubi
449 1885 504 1951 filii
536 1887 652 1950 facinus
674 1889 722 1962 et,
755 1887 814 1950 uisi
837 1885 988 1963 laudabat,
1015 1893 1096 1952 certe
1119 1888 1281 1955 excusabat

131 1998 283 2080 lenitate,
308 2020 385 2084 quae
404 2021 464 2064 uon
487 1999 565 2064 lenia
588 2022 655 2081 neo,
681 2000 756 2085 proh
779 2000 883 2065 dolorl
917 2001 1003 2085 plane
1028 2002 1179 2066 immerita
1201 2004 1280 2068 mul·

131 2116 248 2178 torum
268 2113 386 2198 judicia
405 2115 603 2200 pareret‘(l).
650 2113 733 2185 Quid
756 2116 837 2199 quod
860 2115 932 2178 haec
955 2116 1018 2200 ipsa
1041 2116 1177 2201 epistola,
1195 2120 1279 2184 Auo·

136 2232 213 2292 tore
235 2228 333 2293 inrito
355 2228 517 2314 publicata,
543 2233 604 2293 tam
628 2229 821 2294 vehementer
842 2230 1002 2295 Borussiae
1023 2231 1102 2317 Regi
1126 2232 1282 2318 displicuit
1350 2253 1352 2259 ’

138 2343 296 2428 regnique
306 2342 515 2420 Administris,
530 2349 567 2408 nt
588 2343 671 2409 illius
689 2346 879 2430 postmodum
903 2346 1025 2410 decreto
1048 2368 1171 2412 munere
1186 2347 1281 2412 mulo·

144 2461 265 2521 teretur
302 2458 472 2527 academico
511 2458 785 2524 Ire-wertina.
845 2459 1036 2545 Quamquam
1070 2461 1143 2525 alias
1184 2483 1281 2528 acces·

149 2572 223 2635 sisse
246 2592 375 2652 caussas,
400 2573 582 2638 occultiores
604 2573 682 2649 illas,
708 2585 784 2657 quae
802 2573 923 2640 adeum
939 2573 1120 2660 abigendum
1144 2577 1282 2642 inimicos

149 2687 349 2772 impellerent,
372 2687 460 2751 multi
483 2685 724 2771 suspicabantur.
754 2687 875 2752 Relicto
898 2689 995 2773 igitur
1013 2688 1168 2767 Berolino,
1185 2692 1283 2775 priva·

152 2806 212 2866 tam
236 2800 420 2885 aliquamdiu
442 2803 534 2867 vitam
558 2791 638 2888 eglt;
661 2802 767 2881 donec,
793 2824 822 2866 a.
851 2805 954 2881 1822,
988 2801 1024 2866 ab
1048 2802 1199 2868 Helvetiis
1222 2804 1282 2870 Ba·

152 2916 308 2981 silc‘e'usem
331 2917 364 2979 in
387 2916 580 2980 Academiam
603 2917 761 2980 sacrarum
785 2916 971 3006 Litterarum
994 2915 1150 2981 Professor
1181 2939 1283 2982 evoca·

152 3035 245 3096 retur.
291 3033 393 3114 Atque
416 3029 493 3094 hano
515 3029 656 3115 deinceps
679 3029 836 3095 Musarum
859 3029 957 3093 sedem
983 3029 1088 3094 multis
1116 3051 1184 3095 eum
1208 3034 1285 3096 varii

153 3145 273 3231 generis
304 3145 412 3210 officiis
442 3145 617 3228 meritisque
640 3143 697 3209 sibi
721 3144 935 3224 obstrinxisse,
961 3149 1053 3208 testes
1076 3143 1220 3209 habemus
1240 3146 1284 3210 lo·

154 3257 288 3343 cupletes
324 3255 666 3342 Hagenbachium,
707 3259 986 3323 Schenkelium
1024 3258 1157 3341 aliosque
1191 3258 1283 3323 Viros

154 3372 360 3458 gravissimos.
409 3371 543 3436 Basileae
572 3374 688 3458 igitur,
721 3372 775 3436 ubi
799 3373 930 3456 reliquae
953 3373 1032 3436 vitae
1055 3369 1283 3438 tubernaculum

154 3492 304 3572 posuerat,
330 3487 361 3552 d.
384 3488 424 3550 lc
443 3508 484 3550 m.
503 3486 591 3550 Junii
614 3490 684 3552 anui
711 3490 808 3564 1849,
824 3489 931 3551 aetatis
953 3509 1029 3551 auno
1049 3487 1281 3573 septuagesimo,

155 3601 271 3686 placida
293 3606 390 3666 morte
412 3599 564 3666 occubuit.

151 3823 302 3836 W

190 3981 228 4043 (1)
245 3980 281 4032 Ni
297 3981 380 4045 fallor,
397 3982 519 4049 subjective
535 3981 652 4035 laudabile
670 3981 779 4037 Saudii
797 3985 894 4036 facinus
909 3985 1017 4045 dixerat,
1030 3989 1190 4048 moestaeque
1208 3983 1284 4035 metri

162 4073 232 4124 ulem
250 4073 319 4127 huuc
332 4074 412 4125 fllium
431 4076 573 4139 gratulatus
593 4085 655 4128 erut.
