2782 4958
128 333 192 400 101
612 353 765 397 crenoanu

125 521 287 607 Prophetae
318 521 464 607 ejusmodi
498 520 592 587 tribui
616 523 756 587 videntur
785 521 955 595 vaticinia,
988 521 1102 606 quibus
1134 525 1236 603 futura,

125 657 200 720 quae
222 642 326 721 suopte
348 637 519 722 praevidere
542 659 603 701 non
626 641 726 721 posset
747 634 868 700 solertid
891 642 982 721 atque
1007 640 1164 718 acumine,
1194 642 1241 704 lien

126 755 257 815 mentem
277 750 469 815 illuminante
492 756 572 816 certo
589 773 622 815 ac
638 751 763 815 definito
778 753 967 817 annuntiant
982 755 1124 839 augurio.
1150 756 1242 818 11011111
1288 770 1290 827 3

127 865 224 942 enim,
249 866 302 948 qui
322 865 392 949 jure
414 866 453 928 iis
475 869 721 946 annumerantur,
739 863 874 929 locorum
896 865 970 931 alios
994 867 1147 951 ejiciendo
1167 889 1244 931 semo·

129 983 190 1056 vet,
215 979 289 1043 alios
303 979 528 1064 interpretando
547 981 579 1044 in
595 979 721 1044 alienam
735 985 908 1044 convertere
927 985 1055 1044 conatur
1070 983 1243 1046 sententian.

130 1094 210 1169 Quae
233 1095 296 1178 ipsa
325 1095 445 1158 tenuior
469 1095 505 1159 de
528 1095 678 1160 vaticiniis
700 1095 803 1178 opinio
830 1094 890 1159 Viri
913 1092 1104 1158 solertissimi
1134 1094 1246 1159 subinde

128 1209 273 1272 retudisse
284 1209 405 1273 videtur
419 1231 543 1273 acumen
563 1210 702 1273 criticum
725 1216 814 1292 atque
835 1209 1036 1294 exegeticum.
1054 1210 1245 1273 Verumtamen

127 1323 310 1387 moderatius
332 1346 426 1405 nunc,
452 1344 542 1408 quam
566 1323 650 1404 olim,
676 1323 724 1389 his
746 1327 779 1389 in
808 1323 896 1389 rebus
918 1328 1072 1398 vorsatur;
1098 1321 1245 1388 honorifice

128 1437 288 1501 admodum
320 1436 482 1521 Prophetae
504 1437 605 1502 laudes
627 1439 796 1523 praedicat;
832 1442 921 1521 atque
942 1436 1072 1500 {decim
1099 1441 1180 1500 certe
1204 1434 1245 1500 ali-

128 1574 218 1636 quem
241 1575 310 1617 eum
332 1557 462 1638 sperdsse
485 1555 632 1618 Maeciam
650 1555 812 1618 existimat,
862 1555 922 1615 Nec
942 1551 1060 1615 diutius
1083 1550 1156 1615 huic
1175 1551 1245 1614 insis-

128 1672 190 1731 tere
208 1667 296 1751 juvat
318 1670 497 1752 quaestioni.
539 1669 608 1734 Scio
628 1668 724 1746 enim,
747 1689 804 1753 ego
829 1689 904 1751 quae
926 1665 1044 1730 doleam
1067 1671 1158 1749 atque
1178 1663 1247 1728 aliter

128 1781 237 1866 scripta
259 1781 369 1859 velim,
404 1783 513 1848 Secula
548 1782 620 1847 haec
642 1783 789 1867 placitura
810 1803 883 1846 esse.
932 1783 990 1844 Neo
1013 1779 1245 1844 committendum

130 1902 165 1960 ut
197 1897 255 1982 ipsi
289 1897 365 1961 milri
403 1898 447 1961 sic
479 1896 581 1961 oculos
611 1897 836 1981 praestrinxisse
865 1894 1001 1959 videatur
1031 1893 1200 1979 dogmatica
1220 1891 1246 1955 ab

131 2013 258 2075 ductore
282 2012 436 2088 dissensio,
463 2017 498 2076 ut
521 2010 626 2088 multa,
649 2033 724 2095 quae
744 2010 832 2076 habet
850 2011 915 2095 ejus
924 2009 1014 2085 liber,
1031 2008 1113 2073 bona
1135 2028 1192 2070 non
1212 2010 1246 2070 at·

130 2127 276 2191 tenderim
296 2149 352 2191 nec
369 2128 451 2212 justo
474 2126 571 2212 pretio
591 2125 783 2190 aestimarim.
810 2123 896 2200 Quod
917 2121 1154 2208 longeproieoto
1168 2119 1244 2186 abest⁸

178 2474 265 2548 Quod
287 2494 377 2559 supra
406 2495 423 2536 a
455 2471 543 2537 nobis
577 2472 705 2557 reposita
733 2471 821 2536 docet
846 2468 917 2534 libri
947 2469 1125 2555 inscriptio,
1151 2466 1246 2532 Erati-

132 2589 209 2653 ridii
230 2590 263 2652 in
293 2588 330 2652 V.
361 2589 392 2651 t.
415 2586 565 2670 ecepeiici,
595 2585 730 2672 plurium
753 2584 904 2648 industria
929 2583 1045 2648 collatis
1064 2605 1101 2646 ex
1125 2580 1248 2668 symbolis

133 2699 289 2786 paullatim
312 2699 518 2775 coalescentis,
541 2699 647 2784 quinto
671 2698 755 2779 haec,
781 2697 888 2781 prioris
912 2697 1026 2760 ratione
1041 2695 1248 2762 habitaeditio·

133 2816 193 2889 nis,
218 2815 292 2878 Pare
315 2811 489 2898 appellatur.
537 2815 597 2876 Hoc
623 2813 719 2898 igitur
741 2810 938 2875 Endiridicn
958 2811 1111 2895 quomodo
1130 2811 1250 2875 universe

131 2929 326 2993 informatum
360 2932 457 3005 esset,
487 2950 603 3013 nuper,
638 2928 675 2992 de
706 2926 845 2990 Thenii
876 2931 965 3009 atque
990 2924 1161 2989 ilirzelii
1184 2926 1251 2989 Gom·

132 3043 285 3107 mentariis
311 3042 451 3120 relaturi,
486 3044 708 3130 descripsimus.
752 3044 804 3107 llis
827 3041 907 3105 enim
934 3043 1030 3105 totius
1061 3043 1161 3126 operis
1188 3059 1252 3104 rnna

133 3159 209 3223 Para
235 3158 381 3223 contineri
408 3159 562 3224 dicebatur
584 3178 618 3222 ac
640 3159 767 3222 secunda
788 3159 847 3242 (1).
895 3158 978 3238 lam,
1004 3154 1086 3239 quod
1113 3156 1147 3218 in
1172 3152 1253 3218 malta

134 3273 275 3337 convenit
294 3271 483 3358 singulorum
506 3275 663 3336 anctorum
684 3271 794 3356 scripta
810 3269 972 3355 judicium,
1000 3271 1075 3334 dona
1098 3269 1255 3333 maleactae

131 3413 281 3426 ’.η-..αα

169 3514 207 3576 (1)
225 3514 286 3564 Vid.
305 3510 482 3564 Chariettoni.
501 3513 534 3562 L.
553 3511 574 3569 I,
592 3525 618 3575 p.
641 3515 671 3561 19
689 3524 746 3576 sqq.
766 3535 798 3546 -·
816 3508 929 3567 Adeas,
949 3522 1013 3572 qnae
1029 3508 1064 3557 ibi
1083 3507 1254 3564 recensuimus,

136 3608 182 3657 hae
200 3615 301 3671 postea,
319 3613 443 3671 quantum
460 3607 594 3664 novimus,
613 3608 773 3654 accesserunt
794 3602 881 3664 magni
898 3601 982 3666 operis
1000 3599 1109 3650 Partes:

168 3698 240 3749 Pare
258 3697 335 3749 XIV.
354 3696 460 3758 Psalmi,
485 3698 651 3763 interpretante
667 3695 685 3746 J
691 3703 766 3746 usto
784 3691 1021 3750 orchomenio,
1039 3691 1113 3757 Lipa.
1135 3697 1207 3752 1853,
1224 3705 1258 3754 pp.

356 3797 405 3841 505
426 3792 466 3852 (de
485 3806 535 3856 quo
554 3805 614 3840 mox
631 3791 738 3853 pauca);

172 3908 238 3918 --
279 3883 339 3935 XV.
358 3883 431 3934 Libri
457 3881 693 3947 Paralipomenornm
720 3898 744 3932 e.
772 3879 953 3939 chronicorum,
977 3880 1103 3944 interprete
1129 3877 1259 3930 Ernesto

356 3978 538 4035 Baithana,
558 3977 590 4026 id.
613 3980 686 4033 1854,
704 3989 745 4040 pp.
765 3979 829 4029 4³23

174 4094 239 4105 -—-
259 4068 336 4118 XVI.
356 4067 477 4120 Canticum
500 4068 648 4119 (lecticorum
669 4074 691 4116 et
718 4063 807 4115 Tlrem‘
823 4063 957 4121 Jerema'ne‚
985 4063 1152 4127 interpretibus
1177 4059 1258 4112 Fcrd.

358 4159 510 4224 Hitnigic
528 4169 550 4209 et
568 4159 688 4210 Ortona
706 4158 845 4216 Thenio,
866 4157 897 4206 id.
920 4161 992 4213 1855,
1009 4172 1051 4220 pp.
1074 4162 1130 4207 180.

171 4254 258 4304 Antea
277 4256 401 4304 editorum
419 4255 658 4304 commentariorum
671 4267 760 4310 novas,
774 4251 871 4302 anobis
883 4252 997 4300 nondum
1010 4256 1172 4307 memoratas,
1182 4247 1259 4299 editio·

137 4362 182 4397 nes
200 4349 327 4398 exstitisse
347 4349 508 4411 ignoramus,
528 4348 549 4398 si
568 4347 599 4397 ab
618 4360 668 4395 uno
686 4345 848 4405 discesseris,
868 4345 899 4394 de
918 4356 968 4408 qno
987 4357 1066 4407 quum
1085 4339 1260 4403 11111κί11111εεί-

138 4454 211 4501 inus,
232 4439 399 4495 Knobelii
417 4441 489 4490 libro.
