2782 4958
220 319 281 381 tsi
707 337 859 383 trssouun

217 506 336 592 plenius
355 505 417 590 jam
439 509 529 589 atque
552 503 747 585 emendatius,
765 527 855 590 quam
877 504 915 572 ab
937 505 1005 570 aliis
1022 505 1136 572 factum
1159 509 1235 584 erat,
1259 506 1332 572 eden·

218 622 271 685 dos
294 622 422 686 curavit.
470 622 529 684 Nec
558 619 668 684 mirum
691 620 837 705 profecto.
886 624 986 708 Longe
1007 621 1110 706 plures
1133 622 1235 701 euim,
1259 643 1332 705 quan
1379 636 1381 657 ¹

217 741 305 800 antea
327 736 502 819 quisquam,
534 731 666 799 antuus
698 755 734 799 ae
767 734 930 821 diligenter
955 757 1026 801 suos
1054 737 1088 801 in
1114 757 1191 801 usus
1213 735 1334 801 adhibuit
1379 716 1381 761 ⁵

216 847 339 913 illorum
362 847 494 912 Codices.
534 847 592 913 Sed
615 846 663 912 his
683 847 720 911 de
741 845 830 913 rebus
853 870 922 913 rere
944 870 977 913 ae
999 848 1134 914 modeste
1157 849 1193 913 in
1213 849 1335 932 Praipe-

217 964 311 1029 meais
333 968 533 1048 exponentem
554 965 654 1048 ipsum
668 961 835 1028 audiamus.
867 962 963 1026 »Pius
980 960 1219 1046 quadragintff,
1236 961 1334 1046 inquit,

216 1078 447 1144 »iiistasmeatis
468 1077 582 1142 criticis
607 1085 783 1158 apparasse
812 1079 851 1142 ai.
879 1074 1064 1140 Thilonis
1093 1098 1268 1161 coramque,
1296 1076 1336 1161 qai

218 1191 330 1256 »iilam
354 1198 595 1272 praedationem,
628 1213 733 1275 aaqae
764 1190 852 1256 sabis
879 1191 1013 1274 mitigit.
1059 1190 1178 1270 sapam
1210 1191 1337 1257 editicii

216 1313 357 1372 niimtrae
378 1305 497 1371 libellas
512 1305 607 1385 primi
632 1306 765 1371 dadanus
784 1305 830 1392 (1)
840 1332 853 1382 ,·
873 1306 1063 1370 scematis
1082 1306 1254 1389 mapaliis
1270 1305 1336 1371 aisti

217 1418 403 1503 equisaeti,
423 1440 495 1502 qaae
517 1417 636 1499 iacobi,
659 1418 796 1500 Tiamaa,
820 1418 979 1483 Nicodemi
997 1419 1168 1486 aomiaidas
1183 1421 1338 1507 isaiasiss·

218 1540 302 1609 star,
320 1533 486 1613 plurimam
506 1556 622 1613 operam
639 1533 835 1613 impendimus
844 1559 857 1610 ,·
872 1534 1050 1618 reliqueram
1068 1536 1157 1603 aiiii
1173 1561 1236 1603 stau
1255 1541 1337 1604 aare

217 1656 339 1713 »castro
364 1648 546 1712 amimam
567 1655 621 1712 cat
638 1647 827 1713 illustratam
845 1648 899 1733 (2)
911 1649 1026 1728 prodit.
1074 1650 1141 1716 His
1159 1652 1273 1718 stadiis
1291 1675 1336 1718 sie

218 1761 328 1827 »nibus
345 1762 404 1827 etsi
423 1784 628 1845 remptricem,
652 1784 726 1846 qaae
744 1762 985 1846 iateiiiqeatibia
1010 1763 1087 1830 airis
1107 1765 1242 1850 eidatar,
1257 1769 1337 1852 sajo·

217 1900 300 1942 »rem
318 1876 354 1942 ia
375 1878 489 1942 modam
507 1885 670 1956 promotam
691 1899 753 1942 esee
772 1877 962 1964 confidimus,
984 1887 1082 1944 tamea
1100 1903 1284 1965 sequaquam
1300 1881 1337 1945 ita

219 1991 401 2057 »absolvisse
421 1991 572 2072 memor,
596 1998 630 2055 at
646 1991 716 2076 jam
744 1991 855 2057 nostris
880 2000 933 2057 aar
957 1993 1103 2070 etiarm,
1129 2016 1251 2078 quoram
1274 1996 1337 2059 iasa

217 2103 410 2170 »litterarum
424 2111 545 2184 param
567 2103 710 2169 subtilitas
731 2125 815 2169 aoese
835 2104 969 2180 intersit,
994 2105 1152 2171 desideriis
1162 2109 1289 2186 peasa
1303 2108 1337 2173 sit

218 2216 482 2305 seatifeetaffl(
504 2216 531 2305 ).
557 2254 598 2267 -—
625 2220 699 2282 llaec
720 2216 793 2297 ille;
815 2239 904 2301 quem
927 2219 1062 2284 omnium
1081 2219 1161 2285 votis
1183 2223 1337 2287 satisiemre

217 2352 280 2395 non
302 2333 455 2416 potuisse,
481 2336 513 2397 et
535 2353 574 2397 ne
599 2330 644 2396 ibi
666 2331 801 2415 quidem,
825 2331 878 2397 ubi
900 2338 1057 2418 potuerat.
1082 2334 1261 2401 satisfecisse
1280 2336 1338 2420 quis

218 2451 264 2510 est
286 2446 339 2529 qui
369 2468 431 2510 non
454 2445 574 2511 videat?
618 2445 705 2511 llulti
734 2452 829 2535 certe,
853 2452 890 2513 ut
917 2446 974 2512 lice
998 2453 1083 2526 utar,
1107 2451 1163 2534 qui
1192 2450 1338 2517 subtiliore

217 2559 271 2624 has
291 2560 415 2626 litteras
437 2563 576 2646 persequi
598 2562 728 2646 cupiunt
749 2562 942 2647 cognitione,
968 2565 1253 2648 praestantissimam
1274 2565 1340 2630 lmnc

216 2675 380 2740 editionem
402 2696 560 2740 novercam
581 2675 696 2760 potius,
713 2695 802 2758 quam
824 2680 962 2758 matrem,
985 2697 1016 2740 se
1038 2676 1210 2762 praebuisse
1232 2700 1339 2744 mesum

215 2787 364 2855 dolebunt
395 2794 427 2855 et
448 2791 606 2855 Historiae
626 2791 753 2870 Josepii
774 2792 869 2857 Fabri
892 2791 1020 2876 tatami
1041 2797 1073 2857 et
1098 2793 1269 2878 Eieaayelio
1292 2794 1338 2859 It·

123 2945 126 2949 .
214 2904 347 2985 factae.
386 2903 502 2970 Thilo
527 2905 609 2970 enim
623 2904 735 2990 aliique
761 2927 856 2990 quum
879 2911 1041 2990 utrumque
1066 2905 1126 2971 hoe
1142 2909 1290 2994 scriptum
1312 2912 1339 2973 et

216 3019 345 3084 Arabiae
365 3019 528 3085 edidissent
543 3024 575 3085 et
592 3020 716 3098 Iiatiae,
734 3019 1089 3103 Tischendorfius,
1109 3023 1251 3106 sepositis
1267 3027 1341 3088 Ara·

216 3132 302 3210 dieis,
326 3132 382 3198 soli
405 3132 506 3199 meum
529 3133 613 3198 dedit
634 3133 766 3198 latinae
789 3133 934 3199 Versioni.
969 3134 1046 3199 Satis
1061 3135 1186 3218 quidem
1208 3136 1342 3222 speciosis

215 3247 400 3333 argumentis
425 3248 541 3327 Captice
563 3246 600 3313 ab
620 3247 710 3312 initio
733 3248 931 3333 conscriptam
953 3270 1015 3314 esse
1030 3249 1204 3316 Historiam
1223 3250 1342 3331 Joeepii

213 3440 368 3452 μ’-

249 3577 285 3631 (ι)
303 3575 376 3638 Quos
399 3589 467 3625 nune
492 3576 602 3638 primum
625 3574 720 3635 edidit,
744 3581 843 3640 septem
867 3574 982 3633 libellos,
1005 3573 1159 3626 exsuothus
1184 3575 1301 3644 Proiqu.
1317 3592 1341 3642 p.

215 3666 406 3726 LXXXVIII,
421 3667 457 3717 sle
480 3674 609 3732 nuncupat
626 3668 696 3731 ipse:
720 3664 958 3717 Pseudo-Mattiaci
973 3665 1076 3733 Euanp.
1094 3667 1186 3728 (alteri
1203 3678 1276 3735 parts
1292 3671 1344 3720 ine·

214 3761 320 3819 ditum);
335 3787 366 3798 —
380 3759 479 3826 Enanq.
493 3758 602 3810 Tiamaa.
616 3759 714 3811 Graece
723 3760 759 3816 Bt
774 3786 804 3795 -κ
823 3758 944 3826 Euangel.
963 3759 1066 3811 Tiamaa
1081 3759 1218 3821 Latinum3
1229 3791 1260 3800 -
1274 3759 1343 3813 Gaia

214 3853 302 3905 Pilati.
320 3855 418 3906 Graece
437 3855 473 3909 B;
489 3879 517 3890 -
531 3853 667 3904 Desccnsus
684 3851 774 3903 certes
789 3852 823 3902 ad
839 3852 937 3918 infima.
955 3852 1048 3904 Latino
1065 3855 1103 3914 133
1117 3881 1150 3891 -
1168 3854 1247 3906 More
1259 3855 1342 3914 Pilati,

213 3947 256 4012 qui
271 3945 355 3997 Jesnnr
372 3946 536 3997 condemnavit.
555 3946 661 4005 Latinc;
682 3971 713 3983 -
732 3946 835 3996 tandem
858 3945 968 3998 Vindicta
985 3945 1128 3998 salvatoris.
1145 3948 1252 4000 Latina

247 4041 285 4106 (2)
303 4040 459 4090 Illustratam.
495 4039 551 4090 lloo
569 4055 648 4104 quum
665 4042 696 4090 ad
714 4040 815 4091 testium
837 4041 994 4091 notationem
1011 4041 1103 4092 referri
1120 4052 1249 4108 nequeat,
1266 4045 1344 4095 textui

214 4134 371 4198 subjectam,
390 4132 560 4198 Prolepomena
572 4140 666 4197 spectet
684 4147 787 4183 neeesse
805 4139 856 4194 est,
873 4133 1023 4198 scriptorum
1036 4135 1161 4198 calginem
1179 4137 1343 4186 serationem

214 4227 366 4278 illustrantia.
391 4227 466 4289 Quod
480 4229 633 4277 monendum
646 4232 716 4290 puto,
728 4225 851 4276 Auctoris
863 4226 929 4277 dicta
941 4242 972 4277 ne
985 4227 1051 4277 male
1064 4229 1143 4278 lector
1155 4229 1341 4294 Interpretetur.

250 4321 284 4382 (3)
304 4320 390 4380 Dicta,
410 4318 524 4384 Prolepq.
543 4335 566 4383 p.
587 4319 637 4379 XI,
655 4320 691 4368 sic
710 4320 885 4382 reposuimus,
913 4328 941 4370 nt
966 4321 1152 4384 perspicuitatis
1178 4335 1241 4384 ergo
1263 4322 1343 4372 minus

216 4419 333 4463 accurata
351 4414 465 4477 paullum
484 4414 661 4464 immutaretur
680 4411 839 4476 interpunctio.
