2782 4958
228 366 291 428 ibt
709 386 871 428 aanvrorns

227 553 308 626 sint,
335 550 411 614 hanc
441 558 518 615 certe
542 555 644 616 nostrd
675 552 765 637 culpt
789 553 924 618 mutilam
952 575 1012 617 uon
1044 554 1251 638 relinquamus
1273 561 1347 639 atque

230 667 355 742 ἄποδα,
380 667 442 730 sive
458 668 553 731 caudb
568 672 728 742 carentem,
750 666 937 733 relationem.
963 669 1085 733 Nostrd
1101 672 1197 749 mahrd
1212 672 1346 746 mutilam,

231 781 369 863 inquam:
394 802 491 863 neque
522 781 602 845 enim
632 802 728 844 meam
756 801 878 864 argues,
910 784 1014 845 Lector
1042 783 1240 865 aequissime!
1263 803 1347 846 socor-

232 894 331 975 diam,
356 897 381 958 si
405 896 493 969 forte,
518 901 693 978 anteaquam
719 900 820 960 nostra
842 895 915 960 haec
938 918 1123 982 cognoscere
1142 897 1276 981 potueris
1296 917 1349 960 mo·

231 1011 307 1084 uita,
333 1008 423 1085 libri,
449 1009 615 1075 multorum
637 1010 738 1074 studio
761 1012 907 1093 quaesiti,
934 1011 1006 1074 alias
1030 1012 1130 1075 denuo
1153 1013 1256 1074 Partes
1277 1011 1349 1074 noris

229 1124 370 1208 repetitas
393 1147 454 1189 esse
477 1127 642 1210 comperies
662 1124 858 1188 editionibus.
907 1126 1014 1188 Verum
1037 1126 1070 1187 in
1094 1146 1158 1188 rem
1180 1129 1349 1209 praesentem

229 1239 401 1313 veniamus3
429 1243 471 1318 et,
497 1238 576 1321 quod
599 1258 681 1300 nunc
703 1237 798 1300 facere
822 1259 998 1322 possumus,
1023 1238 1054 1301 id
1078 1259 1171 1320 quam
1193 1235 1349 1301 brevissime

229 1352 387 1430 faciamus;
412 1375 472 1435 quo
504 1352 621 1416 facilius
647 1353 817 1435 certiusque
841 1352 878 1416 de
900 1353 960 1433 iis,
984 1374 1060 1435 quae
1082 1351 1132 1416 vel
1161 1349 1221 1415 tibi
1244 1349 1350 1414 emenda

230 1472 329 1550 putes,
354 1466 405 1531 vel
427 1465 615 1532 librariorum
632 1468 664 1531 in
679 1466 812 1530 tabernis
826 1465 1033 1550 relinquenda,
1051 1471 1106 1530 tuo
1124 1465 1261 1550 judicare
1272 1464 1349 1549 possis

232 1580 388 1643 commodo
412 1585 443 1644 et
465 1580 622 1645 arbitratu.
1307 1634 1309 1639 .

279 1695 353 1758 Hinc
368 1696 464 1779 igitur
478 1701 513 1759 ut
537 1695 701 1771 ordiamur,
719 1701 787 1780 post
802 1696 1032 1774 lle-Wettii,
1058 1715 1087 1757 a.
1109 1695 1197 1757 1849
1218 1691 1346 1762 defuncti,

233 1808 347 1874 abitum
377 1811 442 1894 ipso
472 1811 533 1873 fere
562 1811 713 1890 triennio,
738 1808 821 1873 illius
849 1810 884 1873 ia
906 1809 1104 1892 Euaapeliam
1127 1808 1262 1872 Joaaaaa
1280 1813 1348 1890 arpa

232 1923 388 2002 maurotus
425 1924 673 1987 commentarium
707 1925 814 2005 quartu
848 1921 980 1985 editione
1017 1920 1218 2004 repetendum
1255 1917 1347 1982 curarit

231 2039 360 2100 Ranno
390 2039 518 2100 Bruno
542 2022 758 2109 Briiclrner‚
779 2037 833 2119 qui
855 2041 930 2099 tunc
952 2055 1102 2098 sacrorum
1126 2033 1210 2119 apud
1234 2030 1345 2096 Hohbur·

231 2173 337 2237 genses
360 2153 491 2216 Antiates
517 2157 592 2232 erat,
617 2156 730 2236 postca,
755 2149 933 2236 Theologiae
960 2146 1184 2213 professoribus
1206 2146 1346 2230 adscriptus

232 2265 458 2350 Lipsiensibus,
491 2266 642 2331 doctrinae
674 2264 809 2330 debitum
842 2263 916 2330 tulit
949 2263 1105 2328 honorem.
1156 2262 1268 2337 Quarta
1292 2259 1346 2324 na

233 2379 303 2444 libri
326 2380 420 2444 editio
442 2380 524 2462 quod
546 2381 634 2444 calda
656 2387 771 2444 aarum
798 2400 860 2442 sese
882 2379 1059 2463 profitetur;
1086 2397 1149 2459 quo
1172 2376 1296 2460 quisque
1313 2393 1346 2436 ac·

232 2493 366 2556 curatius
381 2513 450 2556 cum
473 2493 611 2576 proxime
627 2494 797 2577 antegresst
810 2493 901 2556 tertia
921 2513 986 2555 eam
1001 2488 1180 2566 contulerit,
1201 2511 1239 2554 eo
1260 2487 1348 2553 certius

233 2606 271 2670 de
293 2606 484 2692 professionis
513 2608 637 2672 veritate
659 2629 832 2691 persuasum
862 2605 920 2670 sibi
943 2605 1076 2670 habebit.
1125 2605 1263 2669 Primum
1285 2603 1349 2667 enin

232 2742 295 2784 uon
318 2719 401 2809 nulla
423 2727 494 2786 sunt
516 2721 631 2805 adjecta
653 2723 779 2796 monita,
803 2743 865 2784 non
888 2721 989 2806 magni
1012 2726 1113 2784 tamen
1136 2715 1205 2799 illa,
1230 2721 1267 2782 ut
1284 2714 1350 2780 vida·

232 2840 303 2911 tur,
328 2837 495 2916 momenti,
520 2836 630 2919 quibus
653 2836 810 2921 adscriptis
840 2857 929 2900 suum
951 2835 1016 2920 ipse
1047 2833 1223 2918 exemplum
1248 2833 1351 2897 auxerat

234 2949 484 3013 De·Wettius.
534 2950 592 3014 Sed
623 2948 712 3034 longe
734 2950 871 3035 graviora
896 2954 969 3013 sunt
994 2948 1144 3032 latiusque
1168 2953 1274 3033 patent
1291 2964 1351 3030 quac

232 3061 363 3126 Editoris
386 3083 473 3127 curae
489 3062 630 3128 debemus
652 3069 742 3147 atque
757 3063 932 3129 eruditioni.
969 3063 1035 3137 Qua
1056 3063 1090 3125 in
1112 3083 1155 3140 re,
1177 3083 1235 3146 pro
1251 3079 1349 3132 eorum,

135 3228 140 3235 .
234 3197 310 3260 quae
325 3177 458 3241 addenda
473 3177 609 3263 putabat,
633 3177 816 3252 diversitate,
835 3178 951 3242 diversi
969 3177 1020 3242 vid
1035 3197 1108 3241 usus
1123 3180 1171 3240 est
1190 3197 1226 3239 ac
1243 3174 1350 3239 ratione.

234 3291 315 3364 Quae
338 3293 419 3356 enim
442 3292 473 3356 id
489 3297 607 3357 tautum
630 3291 757 3378 agebant
779 3290 998 3376 supplementa,
1016 3295 1051 3355 ut
1073 3291 1111 3355 de
1134 3290 1175 3354 iis
1197 3290 1350 3363 referretur,

233 3404 364 3488 quibus,
390 3412 457 3492 post
479 3408 595 3472 editum
617 3408 765 3493 imprimis
793 3407 830 3472 ab
853 3407 982 3471 Auctore
1004 3427 1099 3490 opus,
1125 3403 1267 3468 loanneis
1287 3400 1351 3464 hisce

233 3523 352 3606 scriptis
376 3521 478 3585 Critici
501 3522 637 3606 prodesse
661 3523 759 3585 conati
779 3526 862 3585 erant
885 3525 974 3603 atque
992 3521 1192 3603 Interpretes3
1218 3516 1288 3582 haec
1306 3511 1351 3598 igi·

233 3641 284 3699 tur
306 3637 349 3700 ita
371 3635 455 3700 illius
478 3635 526 3700 vel
549 3637 723 3700 interseruit
744 3636 873 3700 orationi
888 3633 937 3698 vel
959 3633 1078 3717 adjecit,
1103 3638 1141 3697 ut
1163 3631 1253 3697 nullt
1272 3629 1305 3694 ab
1323 3626 1352 3690 iis

232 3804 386 3813 ...ι-...ωψ-

268 3893 341 3942 Tom.
360 3894 410 3943 111.
428 3896 457 3944 P.
476 3895 513 3953 11,
533 3897 558 3945 in
574 3895 765 3961 Apocalypsin,
780 3898 820 3947 ed.
833 3898 959 3955 secunda,
976 3909 1033 3944 curn
1050 3896 1129 3960 praef.
1145 3895 1277 3954 Liickii,
1290 3894 1350 3945 18⁵4,

579 4003 629 4039 non
649 3999 723 4040 aucto
742 3997 824 4040 textu.

267 4109 344 4115 ---
371 4082 407 4130 ΙΙ.
429 4108 459 4118 -
480 4083 515 4140 11,
532 4108 561 4114 --
577 4081 841 4147 cppadcoriuthios,
854 4084 893 4131 ed.
906 4083 988 4141 tertia,
1001 4095 1051 4130 cur.
1069 4081 1102 4130 Η.
1115 4082 1275 4140 Messncr,
1293 4079 1350 4127 1855.

269 4361 376 4410 Joanuis
396 4361 496 4423 Euaug.
518 4366 542 4411 et
567 4375 622 4424 epp.
641 4361 681 4410 ad.
703 4359 968 4411 Bri'rckncriaua
995 4359 1141 4410 brevissime
1166 4359 1222 4422 jam
1246 4359 1263 4408 l.
1281 4355 1297 4404 l.
1314 4359 1342 4404 art

236 4461 382 4502 memorata.
