2782 4958
135 337 198 398 124
241 317 244 320 ’
534 350 572 392 on
596 349 700 392 uorsa·
720 321 883 393 unruucrrs

133 543 235 588 eorum
259 519 371 585 oblivio
395 539 463 582 cum
487 518 660 595 Ecclesiae,
686 521 735 583 cui
760 541 881 598 omnes,
918 521 972 583 sud
994 519 1122 604 quisque
1145 519 1263 585 ratione

9 714 11 719 Ι
133 658 166 702 ac
189 634 322 710 modulo,
348 635 459 698 servire
482 653 636 710 conamur,
663 654 762 698 amore
785 654 845 697 non
868 635 980 718 optime
1003 633 1162 699 consistat.
1204 635 1263 698 To·

130 754 191 814 tam
215 751 295 813 enim
314 749 434 814 illorum
453 747 547 812 vitam
567 768 747 832 cursumque
767 748 850 812 nulla
868 748 977 815 clarius
992 753 1082 835 atque
1098 751 1261 828 efficacius,

131 886 218 948 quam
243 863 348 928 mortis
365 861 437 928 hora
454 867 668 946 repraesentat;
692 883 777 945 quae,
794 864 845 947 qui
866 883 969 929 eorum
988 864 1130 928 fueritin
1146 863 1263 929 Christi

128 978 277 1045 societate
300 978 396 1054 locus,
421 999 497 1062 quae
520 979 694 1054 auctoritas,
718 998 794 1062 quae
818 999 852 1042 ac
873 978 972 1063 qualis
994 977 1159 1043 Societatis
1181 976 1264 1041 illius

129 1095 161 1156 in
190 1092 317 1158 salutem
345 1097 434 1174 atque
465 1091 701 1157 emolumentum
732 1092 779 1156 vel
809 1092 938 1157 fecerint
967 1113 1002 1155 ao
1024 1092 1183 1167 dixerint,
1216 1091 1264 1156 vel

129 1213 210 1273 certe
239 1209 336 1271 facere
366 1229 399 1269 ac
430 1206 530 1271 dicere
561 1207 691 1270 voluisse
724 1207 865 1270 censendi
895 1206 976 1285 sint,
1011 1210 1045 1271 nt
1067 1206 1264 1271 recordemur

129 1321 270 1385 admonet
301 1325 389 1404 atque
422 1321 542 1384 invitat.
592 1321 749 1385 Divinitus
780 1323 859 1384 enim
884 1320 1079 1404 ajudicsndi
1102 1323 1279 1391 severitate,

129 1440 220 1520 atque
242 1435 408 1517 iniquitate
427 1443 615 1500 revocantem
639 1457 693 1499 nos
717 1457 751 1500 ac
773 1436 975 1501 deterrentem
996 1434 1184 1499 Paullum
1209 1457 1262 1499 au·

129 1547 261 1614 divimus
282 1549 481 1633 Apostolum,
513 1551 562 1614 cui
585 1571 673 1633 quem
705 1552 905 1634 praeferemus
927 1555 981 1614 aut
1000 1549 1264 1634 aequiparabimus

133 1659 338 1746 lbeoloyum?
381 1661 464 1734 Qui:
491 1671 513 1749 ἦ
537 1664 669 1748 ἀγάπη,
693 1663 811 1745 inquit,
838 1664 875 1730 οὐ
897 1663 1062 1744 λογίζεται
1080 1668 1117 1728 τὸ
1140 1668 1259 1737 κακὸν,

129 1782 238 1844 πάντα
261 1782 424 1855 πιστεύει,
447 1784 558 1844 πάντα
582 1777 707 1855 ἐλπίζει
730 1777 787 1859 (1).
833 1775 946 1841 Procul
969 1774 1061 1840 dubio
1082 1776 1184 1861 igitur
1203 1775 1262 1840 illi·

130 1889 227 1954 berale
250 1891 309 1968 sit,
348 1911 381 1954 ac
403 1889 513 1956 Paulli
534 1891 688 1975 ipsiusque
713 1891 786 1955 adeo
813 1888 926 1956 Clausi
947 1892 1040 1954 menti
1064 1911 1258 1975 repugnans,

128 2006 153 2080 si
176 2006 245 2088 quis
268 2006 379 2070 divinis
401 2007 433 2069 in
458 2003 548 2070 rebus
570 2006 755 2091 explicandis
778 2027 862 2082 eum,
895 2026 971 2090 quae
993 2003 1080 2069 nobis
1104 2005 1262 2090 displiceat

129 2125 219 2204 atque
240 2118 437 2204 improbanda
460 2120 617 2201 videatur,
649 2123 729 2185 viam
752 2141 787 2184 ao
809 2122 955 2185 rationem
979 2123 1121 2203 sequatur
1133 2167 1144 2198 ,
1171 2119 1260 2184 dum·

129 2234 220 2302 modo
250 2256 312 2300 uon
340 2241 439 2319 aperte
470 2255 553 2298 sacra
583 2235 736 2318 profanet,
767 2235 850 2298 illius
879 2234 1038 2299 candorem
1068 2236 1102 2298 in
1131 2229 1259 2300 dubium

128 2366 235 2413 vocare
257 2367 292 2412 ae
313 2349 465 2411 sincerum
488 2348 553 2412 veri
577 2369 719 2413 amorem.
767 2349 848 2414 Nam
869 2351 989 2435 quantia
1007 2349 1042 2415 iu
1060 2347 1193 2414 anabau
1209 2370 1259 2413 no·

128 2459 175 2524 bis
198 2462 415 2529 recordandum
439 2467 486 2525 est
503 2462 556 2529 loc
580 2465 725 2548 depactus
746 2465 941 2549 quodcunque
960 2472 1002 2530 eat
1021 2462 1161 2530 volubilis
1182 2466 1257 2530 caui.

171 2797 287 2866 Verum
317 2821 430 2886 nupera
456 2802 530 2868 haee
555 2802 779 2887 Theologorum
810 2805 915 2869 funera
945 2805 1046 2869 auimo
1075 2803 1259 2870 recolentem

129 2935 164 2978 uc
197 2912 366 2993 dolentem,
395 2913 475 2980 hand
505 2916 591 2982 facile
619 2916 747 2982 dixerim
775 2922 878 2982 utrum
900 2937 948 2981 me
971 2919 1069 3003 magis
1090 2919 1260 2983 communis

128 3028 191 3092 fere
211 3026 314 3094 luctus
337 3050 371 3095 ac
394 3051 512 3104 moeror
539 3031 723 3109 adverterit,
755 3052 845 3116 quem
867 3031 976 3097 torum
1007 3029 1125 3095 obitum
1155 3053 1259 3116 parere

129 3143 357 3231 comperiebam,
383 3167 419 3211 an
442 3145 541 3232 frigus
562 3150 652 3232 atque
674 3145 887 3226 indifferentia,
912 3147 973 3231 qut
996 3145 1063 3212 illos
1081 3167 1098 3210 e
1116 3147 1182 3212 vita
1202 3147 1260 3210 mi·

127 3260 232 3344 grosse
264 3258 398 3346 plerique
427 3280 530 3326 omnes
564 3259 756 3346 accipiebant
782 3259 931 3345 aequales.
979 3259 1068 3325 Alica
1089 3261 1172 3325 enim
1195 3265 1261 3325 tum

93 3404 100 3415 a
128 3369 233 3438 acerbe
255 3372 381 3438 defletus
402 3374 553 3452 vidimus,
586 3381 648 3442 tam
677 3375 812 3460 impense
833 3375 1038 3460 praedicatos,
1063 3374 1156 3440 tantis
1179 3365 1260 3440 mul·

127 3492 229 3555 torum
256 3487 397 3554 laudibus
418 3490 451 3555 in
474 3471 599 3556 coelum¹
622 3489 774 3568 sublatos,
800 3510 835 3554 ac
857 3490 883 3555 si
909 3488 1105 3575 paucissimos
1127 3484 1188 3552 sibi
1209 3509 1261 3572 pa·

128 3621 195 3684 res,
226 3604 409 3690 superiorem
444 3603 594 3668 neminem
625 3604 794 3669 studiorum
825 3604 941 3668 socium
973 3601 1168 3684 habuissent,
1202 3623 1260 3667 nec

127 3717 255 3782 multum
278 3715 394 3782 abesset
415 3717 489 3802 quin
513 3718 639 3798 eodem,
668 3738 728 3803 quo
751 3717 814 3792 illi,
843 3717 962 3782 tumulo
984 3716 1050 3801 ipsa
1075 3716 1261 3781 conderetur

131 3828 303 3916 lbeolopiu.
344 3831 434 3898 Alios
454 3852 536 3911 vero,
560 3854 700 3918 quorum,
726 3833 841 3916 aliquot
863 3835 933 3895 ante
956 3851 1058 3911 annos,
1083 3852 1137 3915 par
1159 3831 1261 3895 fuerat

128 3947 180 4008 aut
195 3944 289 4028 major
305 3946 396 4011 etiam
411 3948 444 4012 in
463 3949 568 4011 uostrd
585 3946 642 4011 htc
657 3946 798 4011 doctrina
814 3945 986 4020 auctoritas,
1001 3965 1128 4028 quorum
1145 3945 1260 4029 scripta

126 4057 237 4123 iterum
255 4058 425 4143 iterumque
447 4061 583 4145 repetitis
606 4059 790 4126 editionibus
812 4061 1001 4146 frequentata
1023 4063 1120 4137 erant,
1142 4062 1173 4121 et
1189 4058 1258 4142 plu-

126 4171 270 4238 rimorum
293 4169 423 4258 publicis
445 4195 479 4239 ac
501 4174 626 4260 priuatis
654 4175 779 4259 judiciis
801 4179 837 4239 ut
859 4194 926 4239 aere
953 4173 1131 4257 perenniora
1154 4171 1258 4236 erudi·

63 4399 67 4408 '
162 4409 201 4471 (r)
223 4415 232 4459 ι
254 4409 357 4462 coriaut.
375 4406 452 4466 xm.
474 4418 497 4462 ι.
513 4416 535 4462 r.
