2782 4958
214 343 278 406 196
605 361 646 404 ur
667 360 768 404 uonna
790 359 954 404 unruucrrs

215 530 338 595 nomine
359 550 392 593 ao
422 527 571 614 dignitate
593 547 624 591 se
646 525 782 591 abdicare
809 525 1036 590 concederetur.
1086 523 1168 597 Quae
1191 542 1281 605 quum
1299 523 1333 586 ita

216 645 334 709 decreto
355 647 453 708 essent
473 663 507 706 ao
529 646 624 726 gesta,
649 640 686 706 ab
710 640 780 704 anni
796 640 868 704 inde
890 641 975 704 1843
993 658 1086 703 verno
1104 642 1254 722 tempore,
1275 635 1332 700 soli-

215 760 320 822 tariam
344 756 495 822 Potsdami
511 756 603 820 vitam
619 756 695 841 egit,
711 761 800 839 atque
822 754 878 836 ibi,
901 775 937 818 eo
959 774 1020 837 quo
1038 773 1131 838 supra
1149 752 1279 818 diximus
1296 752 1333 816 die

214 894 242 936 a.
273 873 373 953 rste,
397 869 515 955 placidd
538 875 636 934 morte
658 867 816 934 occubuit.

259 1103 345 1178 Quod
368 1103 443 1184 Viri,
467 1101 603 1166 omnium
627 1099 700 1164 olim
722 1098 863 1164 laudibus
885 1097 1039 1180 celebrati,
1060 1104 1164 1184 postea
1186 1099 1335 1165 multorum

213 1217 245 1281 in
269 1217 449 1281 immeritam
472 1215 618 1280 invidiam
638 1236 672 1279 ao
695 1215 930 1279 contemtionem
949 1211 1084 1291 adducti,
1104 1213 1271 1278 recentiora
1288 1214 1336 1277 im·

213 1331 318 1414 primis
348 1331 408 1394 fata
430 1329 533 1414 paullo
565 1329 714 1413 copiosius
736 1328 874 1404 narravi,
899 1327 974 1411 quid
1003 1327 1134 1391 maxime
1155 1328 1337 1412 spectaverim

212 1444 337 1509 lectores
366 1445 504 1530 ignorare
538 1443 622 1508 nolo.
673 1440 840 1508 Luculento
870 1441 951 1504 enim
985 1440 1043 1505 hoe
1076 1439 1163 1506 illius
1198 1442 1338 1526 proposito

214 1555 353 1642 exemplo
366 1556 539 1641 junioribus
562 1561 679 1621 constet
694 1555 854 1642 Theologis
874 1555 979 1632 velim,
998 1555 1035 1621 ab
1055 1556 1152 1620 auctis
1166 1557 1200 1620 in
1222 1556 1340 1621 Ecclesib

214 1677 285 1753 aut,
318 1672 343 1734 si
366 1671 460 1748 forte,
486 1673 519 1734 iu
550 1671 671 1736 civitate
703 1669 870 1736 bonoribus
901 1667 1102 1736 nullumsibi
1125 1670 1340 1755 utplurimum

214 1785 325 1872 quietis
347 1790 400 1849 aut
415 1785 619 1870 prosperitatis
641 1784 821 1870 sperandum
836 1806 898 1848 csse
920 1785 1154 1861 incrementum,
1171 1805 1270 1869 neque
1289 1785 1341 1871 igi·

213 1904 265 1963 tur
293 1899 329 1963 de
353 1900 561 1977 Providentiae
593 1899 653 1965 sibi
676 1900 923 1984 conquerendum
953 1922 1015 1964 asse
1044 1900 1226 1983 iniquitate,
1251 1899 1342 1964 sidiu

214 2018 266 2077 aut
288 2033 405 2097 semper
428 2014 514 2091 adeo,
540 2013 683 2078 inferiore
717 2013 783 2078 loco
806 2012 945 2078 collocati
967 2035 1002 2078 ao
1023 2013 1141 2096 relicti,
1166 2013 1278 2080 Christi
1298 2014 1342 2078 So·

215 2128 316 2192 oietati
338 2127 501 2191 ministrari
525 2125 666 2197 debeant.
714 2126 853 2191 Profecto
874 2129 969 2204 enim,
995 2127 1078 2210 qnod
1102 2128 1259 2193 verissimo
1280 2127 1342 2192 dioi-

214 2246 266 2306 tur
288 2245 424 2306 veterum
443 2240 614 2330 proverbio,
636 2242 707 2305 bene
729 2242 809 2305 visit
831 2242 883 2325 qai
905 2243 976 2306 deae
994 2241 1098 2310 tatuit.
1114 2277 1154 2287 ·-
1173 2245 1250 2308 Tum
1268 2241 1342 2307 nulb

216 2376 277 2418 esse
307 2354 448 2428 arborum
478 2355 549 2420 folia
573 2356 736 2438 floresque,
760 2357 815 2439 qui
844 2357 936 2421 citius
964 2362 1154 2434 exarescant,
1180 2357 1343 2424 mortalium

216 2490 304 2553 quam
328 2469 431 2535 laudes
454 2469 646 2555 plaususque,
672 2470 862 2536 Drtsekii
885 2471 985 2536 denuo
1007 2470 1094 2537 nobis
1117 2470 1219 2538 eluxit
1233 2473 1295 2538 vita
1314 2492 1343 2535 ao

217 2585 297 2649 fatis.

263 2931 396 3014 Antiquo
419 2930 452 2993 in
480 2931 683 3011 Wcatphole'ue
707 2931 843 3009 Circulo,
862 2931 1005 2998 Marchiae
1027 2934 1060 2996 in
1084 2935 1249 3018 Comitatu,
1268 2934 1343 3020 oppi·

220 3048 293 3112 dum
316 3055 362 3112 est
383 3047 553 3112 Hammone
575 3047 703 3123 dictum,
728 3048 849 3132 Lippiae
871 3048 967 3113 ssacio
985 3049 1135 3133 adjacens,
1159 3050 1244 3133 quod
1266 3048 1344 3114 nullo

219 3163 341 3246 quidem
364 3182 546 3248 magnopere
568 3163 764 3248 conspicuum
777 3168 836 3227 'est
857 3168 982 3228 externo
1004 3163 1173 3250 splendore,
1199 3164 1251 3228 sed
1273 3163 1345 3229 idam

219 3278 253 3341 iu
283 3277 392 3341 artium
423 3297 457 3340 ao
490 3275 718 3361 disciplinarum
749 3276 875 3342 historib
905 3278 1001 3363 magis
1031 3276 1238 3360 celebratum,
1264 3300 1345 3364 quam

220 3390 424 3475 opulentiores
453 3391 566 3455 multoe
591 3391 763 3456 Germaniae
788 3392 932 3458 civitates.
980 3395 1083 3480 Longo
1104 3395 1188 3459 enim
1211 3395 1347 3481 temporis

220 3505 318 3588 spatio
339 3505 532 3597 umdemiccm
555 3505 599 3570 ibi
621 3506 726 3570 floruit
750 3507 951 3594 Gymnasium,
977 3508 1039 3572 sive
1061 3509 1345 3596 Archipymuusicm,

221 3619 303 3701 quod
325 3641 386 3683 non
408 3642 520 3705 paucos
542 3620 624 3686 varib
647 3621 786 3686 doetrind
816 3620 910 3686 claros
931 3620 1038 3687 habuit
1058 3623 1260 3700 Professores,
1287 3623 1345 3707 qui,

221 3739 412 3816 posteaquam
444 3732 495 3798 bio
525 3732 651 3797 docendi
684 3734 825 3798 tirocinia
855 3735 1003 3812 fecerant,
1037 3737 1070 3801 in
1100 3735 1282 3802 illustriores
1305 3734 1348 3802 vel

224 3847 395 3910 Germaniae
426 3846 474 3912 vel
497 3847 709 3912 Nederlandiae
740 3850 887 3912 llusarum
908 3850 992 3914 sedes
1024 3852 1153 3930 evocati,
1176 3853 1272 3918 samse
1297 3850 1348 3916 sibi

224 3959 426 4025 celebritatem
457 3961 668 4048 comparabant
686 3964 746 4047 (l).
795 3965 871 4028 Huic
900 3971 1002 4030 autem
1034 3967 1216 4031 Hammonae
1246 3965 1347 4053 oppido

223 4128 380 4144 Ἢ

131 4229 169 4312 “
260 4248 298 4309 (l)
317 4247 377 4299 Vid.
396 4247 425 4299 0.
443 4249 472 4299 F.
492 4250 661 4310 Waehter,
679 4250 813 4316 pesclieltl.
827 4249 991 4303 Nucbrs‘clstan
1007 4253 1045 4302 db.
1063 4253 1109 4302 dur
1123 4251 1272 4304 Hummsels
1285 4251 1348 4321 Gya·

225 4342 333 4404 nasicas,
351 4341 451 4404 Humor,
474 4349 547 4394 1818.
571 4343 647 4397 Cous.
664 4350 778 4395 nostrum
797 4357 875 4409 opus:
894 4344 1017 4396 Gescta'cd.
1036 4347 1079 4396 der
1097 4343 1166 4396 Gala.
1185 4344 1348 4412 Hoopasclool,

225 4435 246 4486 1.
265 4441 321 4488 215.
339 4438 374 4488 ΙΙ.
393 4443 442 4488 654
460 4439 567 4502 aliisque
585 4439 658 4499 locis,
679 4439 705 4488 in
723 4437 780 4488 Iud.
798 4453 876 4488 rerum
895 4440 994 4490 notatis.
