2782 4958
124 329 165 388 20
206 371 212 385 .
609 341 768 385 alanorum

126 513 159 575 in
187 512 270 576 Novi
291 510 375 576 Post.
402 509 512 575 tabulis
542 508 729 574 illustrandis
758 513 928 573 versantur.
975 509 1071 593 Cujus
1098 510 1254 595 utriusque

127 625 199 690 libri
221 625 321 711 plures
344 625 483 710 deinceps
506 624 631 700 Partes,
665 622 749 688 brevi
773 624 916 708 temporis
938 624 1053 708 spatio,
1088 625 1201 690 iterum
1223 648 1256 690 ae

126 744 186 815 ter,
211 740 303 803 immo
325 742 430 823 quater
453 737 623 822 aliqnando,
638 736 722 822 prelo
741 735 920 821 subjiciendi
944 737 1104 800 necessitas
1124 740 1256 803 exstitit.

127 853 304 937 Cujusmodi
321 852 417 917 honos
440 851 617 938 Hitnigii
640 850 709 916 XII
732 850 959 936 Prophetarum
982 852 1143 917 Minorem
1164 855 1259 939 expli·

75 1003 84 1015 ·
127 967 250 1042 cationi,
275 967 401 1052 hujusce
423 967 522 1052 operis
545 965 707 1050 primordia
729 966 896 1031 continenti
913 971 1002 1050 atque
1017 987 1046 1030 a.
1063 970 1150 1033 1838
1167 971 1259 1033 emis·

128 1102 188 1158 sae,
206 1081 379 1165 nuperrime
393 1081 525 1156 demum,
539 1079 767 1164 quatuordeeim
782 1078 952 1164 interjectis
966 1083 1063 1159 annis,
1072 1082 1186 1169 obtigit
1199 1084 1259 1173 (1).

22 1192 48 1218 ““
125 1196 211 1261 Idem
231 1200 331 1259 autem
355 1195 580 1280 Hitaigius‚
606 1217 649 1258 4.·
663 1198 766 1273 1841,
790 1193 974 1274 Jaremiam,
1000 1219 1018 1260 a
1040 1219 1102 1261 sese
1124 1198 1259 1264 illustra·

125 1315 192 1373 tum
208 1310 329 1394 adjecit;
352 1331 378 1374 4.
398 1313 498 1384 1847,
512 1330 582 1373 cnm
598 1307 770 1376 8414444414
784 1306 995 1385 1144144144144,
1009 1314 1074 1373 tum
1092 1310 1260 1378 Ezechielis

133 1423 296 1487 Varietate.
343 1421 411 1486 Neo
434 1422 485 1488 alii
508 1424 670 1489 defuerunt
692 1423 846 1510 Philologi
869 1447 903 1488 ao
925 1423 1084 1510 Theologi‚
1110 1428 1176 1510 qui,
1196 1449 1263 1512 quo

1 1526 3 1535 '
125 1537 216 1601 citius
239 1535 298 1601 tela
320 1513 528 1622 pertexeretnr
549 1538 700 1620 inchoata,
718 1539 766 1602 sui
781 1539 908 1624 quisque
923 1540 1039 1625 ingenii
1055 1540 1172 1604 fructus
1188 1563 1260 1606 con·

125 1652 250 1716 ferrent.
300 1654 390 1716 Anno
413 1653 494 1716 enim
518 1655 604 1717 1839
628 1652 860 1719 Ludovicus
891 1653 1030 1719 Hirael
1060 1654 1201 1739 Collegae
1224 1657 1259 1720 iu

127 1765 337 1831 Puricensium
361 1765 525 1830 Academia
549 1764 717 1851 exemplum
743 1767 787 1830 ita
810 1773 933 1832 secutus
956 1773 1020 1844 est,
1052 1774 1089 1833 ut
1114 1769 1201 1834 illum
1225 1773 1260 1836 in

129 1880 288 1946 Jobeadem
310 1878 450 1964 vulgaret
474 1880 739 1956 commentarium,
765 1880 871 1964 cujus,
901 1902 938 1944 ex
962 1880 1055 1946 alteri
1075 1884 1175 1966 etque
1196 1905 1256 1951 nu·

128 1995 259 2080 perrimt
282 1994 429 2071 editione,
462 1994 588 2058 titulum
619 2015 708 2079 supra
731 1993 887 2079 adscripsi.
936 1993 1022 2066 Quos
1045 1995 1260 2063 Helvetiorum

126 2109 315 2175 Professores
330 2109 433 2174 eddem
446 2108 480 2171 in
491 2107 638 2192 palaestra
654 2105 844 2172 (1144441444
858 2107 1014 2171 Professor
1028 2109 1147 2193 excepit
1162 2111 1259 2196 Aug.

128 2222 292 2305 Knobel‚
319 2224 406 2308 eujus
421 2223 522 2286 414414
538 2221 732 2296 illustratum,
750 2242 778 2284 a.
800 2225 900 2301 1843,
919 2218 1086 2306 accepimus
1101 2223 1256 2290 Jaaaeam.

128 2340 325 2405 Postmodum
348 2339 498 2403 Juda'oum
522 2357 555 2399 ac
577 2335 700 2400 Rutdae
721 2334 803 2414 libri,
829 2357 858 2399 4.
883 2338 983 2416 1845,
1004 2337 1174 2405 Proverbiu
1197 2339 1259 2405 Sa·

128 2453 283 2539 lomenia(
308 2459 334 2539 )‚
354 2477 383 2518 a.
403 2455 504 2527 1847,
529 2451 723 2534 interpretem
746 2450 929 2513 invenerunt
950 2450 1145 2515 Planesium
1168 2451 1258 2518 Ber·

128 2567 259 2644 theau,
283 2567 489 2632 Professorem
512 2565 775 2649 Goettingensem.
822 2565 891 2628 Nec
913 2563 1083 2648 asymbolus
1105 2565 1188 2631 abire
1206 2589 1258 2632 vo·

126 2683 187 2746 luit
216 2681 314 2744 Otto
341 2679 540 2759 Thenius,
574 2699 726 2759 sacrorum
753 2676 890 2742 Antiste's
913 2680 1092 2745 Drasdensis
1115 2682 1257 2767 idemque

126 2796 271 2862 Senoniae
290 2794 371 2881 Regi
386 2791 645 2858 consistorialibus
658 2814 677 2855 a
691 2792 834 2857 consiliis.
881 2792 956 2869 Qui,
978 2814 1041 2858 uno
1055 2799 1144 2878 atque
1160 2796 1257 2862 altero

126 2911 209 2985 edito
231 2910 361 2996 optimae
383 2907 482 2993 frugis
503 2905 666 2990 opusculo,
695 2926 757 2990 quo
779 2911 902 2970 strenue
924 2906 1169 2994 Euanpeliorum
1190 2915 1256 2976 tue·

125 3021 215 3088 batur
237 3024 328 3088 fidem
342 3000 530 3101 historicam,
548 3021 585 3084 de
607 3002 731 3085 meliore
747 3021 822 3084 nott
837 3041 925 3100 suum
940 3020 1028 3087 nobis
1049 3044 1157 3088 nomen
1174 3044 1256 3090 com·

63 3200 68 3221 ὅ
126 3138 319 3204 mondaverat
339 3158 374 3200 ac
395 3135 580 3200 facultatem.
602 3133 690 3198 ,1114
712 3134 811 3220 igitur
832 3132 891 3198 Vir
917 3135 1120 3217 doctissimus,
1154 3143 1199 3220 et,
1223 3161 1253 3205 4.

8 3262 17 3269 ’
127 3253 215 3316 1848
238 3250 391 3316 Samuelis
412 3247 518 3326 libros,
542 3253 574 3312 et
595 3248 753 3333 septennio
775 3251 877 3333 postes
899 3253 1073 3333 utrumque,
1091 3252 1143 3334 qui
1159 3252 1257 3318 4114-

124 3366 214 3452 pidus
236 3368 377 3444 vocatur,
403 3362 515 3428 librum
536 3364 771 3448 interpretatus,
797 3360 973 3427 Eadtirtda'a'
996 3361 1170 3428 auctoribus
1191 3386 1258 3430 sese

127 3482 318 3568 aggregavit.
366 3480 415 3544 Do
435 3480 544 3563 priora
572 3477 692 3560 quidem
722 3475 776 3541 illo
805 3494 894 3559 opere
924 3474 1088 3540 honorifice
1121 3477 1257 3562 plerique

124 3597 301 3681 judictrunt
322 3592 470 3660 librorum
485 3592 518 3657 in
534 3590 697 3655 Germanit
711 3589 870 3654 Censores.
918 3587 1074 3683 Posterius
1089 3612 1161 3656 vero
1184 3591 1255 3672 hoc,

141 3765 283 3776 -.-.--

131 3876 135 3884 ·
160 3856 197 3922 (l)
215 3856 245 3906 F.
264 3852 386 3918 Hitaig,
406 3852 445 3904 die
463 3859 492 3903 12
510 3849 543 3901 kl.
559 3850 681 3915 Profiteor.
697 3848 787 3901 Zwea'te
805 3850 883 3918 Ausa.
901 3851 986 3913 (Ereta
1002 3851 1068 3918 Lief
1083 3853 1125 3904 des
1141 3852 1253 3922 laarzpafl

127 3965 192 4014 ceap.
206 3945 337 4008 Hanno.»
353 3945 442 4010 Laipa.
462 3949 535 3996 1852.

160 4039 199 4102 (2)
218 4036 277 4088 Una
293 4051 352 4086 eum
368 4033 572 4100 Hitnigiant,
591 4051 668 4102 quam
685 4036 899 4100 memoravimus,
926 4036 1084 4090 Ecclesiaste
1105 4041 1256 4108 interpreta-

126 4136 197 4184 tione
213 4132 289 4182 edita.

164 4317 257 4370 Postea·
277 4319 395 4368 accessit:
419 4315 455 4366 A.
480 4314 621 4378 Knobel,
643 4313 683 4364 die
702 4308 1065 4382 cameracorensem
1082 4315 1124 4368 cles
1140 4316 1253 4386 knraqff.

129 4427 194 4477 exsp.
210 4409 326 4475 Hondb.)
342 4400 413 4474 Lapa.
424 4413 508 4459 .1852.
