2782 4958
139 347 201 412 188
525 366 565 409 nra
589 368 687 410 nureo
708 367 871 412 umescere

134 533 186 596 Die
207 533 289 596 enim
312 533 354 598 96
378 529 558 616 Septembris
580 555 608 595 a.
636 533 735 607 1846,
754 533 858 596 aetatis
880 553 958 596 anno
981 533 1109 617 septimo
1133 539 1162 599 et
1180 554 1250 597 sera-

135 648 267 730 gcsimo,
293 646 423 711 berolini
445 650 571 709 mortem
594 644 671 709 obiit
693 646 756 728 (l).

180 1101 437 1168 Thereminio
460 1100 624 1164 triennium
648 1098 776 1184 amplius
797 1105 945 1184 superstes
967 1101 1027 1165 fuit
1049 1125 1074 1164 1.
1095 1125 1130 1166 rr.
1150 1124 1176 1166 a.
1191 1110 1253 1166 11119-

131 1239 221 1294 sene,
253 1215 491 1295 Brunsvicensis‚
523 1215 577 1297 qui
607 1215 731 1277 ineunte
759 1234 838 1276 anno
872 1216 958 1278 llll
992 1216 1084 1279 vitam
1114 1217 1253 1300 ingressus

132 1329 320 1410 terrestrem,
345 1333 473 1393 exeunte
496 1350 574 1391 anno
601 1330 686 1391 1819
711 1328 879 1408 Pctsdami,
902 1328 955 1393 ubi
978 1351 1062 1392 nunc
1076 1328 1165 1393 senili
1181 1329 1254 1393 habi·

133 1445 228 1528 tabat
243 1449 359 1524 aetate,
392 1442 497 1506 eddam
528 1463 565 1504 ex
588 1442 671 1522 vitta,
697 1442 784 1525 cujus
805 1450 922 1506 sextum
946 1449 976 1507 et
1013 1443 1256 1528 septuagesimum

131 1561 191 1622 sere
214 1556 412 1642 compleverat
434 1576 565 1631 annum,
591 1561 635 1619 est
657 1577 792 1641 egressus
815 1559 872 1639 (2).
917 1555 962 1620 Ab
985 1558 1115 1621 oratoria
1138 1559 1255 1621 maxime

133 1671 274 1735 facultate
296 1672 385 1734 illum
408 1690 471 1732 esse
497 1668 696 1744 celebratum,
725 1670 812 1735 nobis
841 1670 930 1734 modo
956 1677 1043 1735 antea
1072 1672 1208 1735 constitit
1231 1675 1257 1734 et

132 1792 248 1850 constat
270 1786 351 1849 inter
373 1806 487 1849 omnes.
536 1785 638 1868 Hujus
662 1789 761 1848 autem
784 1806 893 1848 nomen
916 1785 1011 1869 magis
1033 1785 1143 1866 etiam,
1160 1786 1256 1849 sitieri

130 1905 263 1984 poterat,
288 1898 388 1963 eadem
411 1897 583 1962 nobilitavit
605 1920 639 1962 ac
662 1904 756 1962 totam
779 1921 872 1983 paene
888 1920 940 1983 per
960 1901 1107 1983 Europam
1125 1899 1257 1984 populare

130 2015 261 2079 reddidit
282 2035 379 2078 sacrae
402 2013 542 2077 facundia
564 2012 730 2076 cathedrae.
781 2012 835 2078 Ubi
862 2013 952 2078 verba
977 2014 1090 2077 faciens
1114 2019 1255 2098 uterque,

129 2152 188 2212 quo
204 2135 350 2214 tempore,
362 2127 519 2212 permultis
532 2129 644 2212 patriae
660 2149 730 2191 suae
745 2127 778 2190 in
793 2127 925 2212 templis,
939 2133 1081 2211 tanquam
1096 2129 1257 2208 Sapientem

128 2250 246 2308 tantum
265 2245 507 2307 Nutaretteeem
529 2241 684 2306 laudatum
706 2241 844 2306 audiebat
860 2242 1023 2326 Christum,
1048 2248 1084 2307 ut
1102 2244 1167 2306 Dei
1183 2243 1257 2306 Fili·

127 2383 176 2422 am
194 2359 320 2423 fidenter
343 2359 418 2421 Eum
443 2354 639 2420 annuntiabat
665 2376 821 2439 unumque
844 2355 1001 2420 hominum
1018 2357 1254 2421 Oeeaeaeatorem.

130 2476 224 2552 Tum,
258 2474 284 2535 si
311 2470 461 2536 illustrem
494 2469 730 2534 Christianorum
755 2471 789 2532 in
821 2471 970 2534 Societate
999 2469 1101 2533 locum
1132 2470 1258 2534 obtinuit

130 2586 427 2664 Thereminius‚
452 2583 646 2647 illustriorem
661 2584 751 2647 etiam
775 2583 992 2647 Dr'a'esekius
1016 2605 1147 2666 eumque
1163 2582 1256 2662 talem,

130 2722 190 2784 quo
212 2701 445 2785 splendidiorem
468 2700 700 2763 Protestantium
723 2699 850 2763 Ecclesia
867 2700 1079 2764 Germanorum
1096 2697 1176 2762 nulli
1191 2719 1256 2762 con·

125 2910 292 2919 7—0--0--2

162 3055 199 3118 (1)
220 3052 309 3105 Brevis
325 3054 395 3104 illius
413 3056 560 3106 consolator
570 3055 692 3113 laudatio,
709 3070 773 3119 quae
785 3061 869 3106 exstat
880 3056 906 3104 in
924 3052 948 3102 N
954 3051 1092 3102 itaschii
1110 3057 1137 3101 et
1149 3047 1255 3101 Sackii

128 3143 317 3208 dlonatseclrrifi
325 3148 352 3211 s.
368 3147 393 3198 ἄ.
410 3164 491 3213 eaenp.
512 3148 601 3198 Kircte
620 3147 662 3197 dar
679 3147 797 3213 Rbeinpr.
816 3163 840 3198 a.
858 3145 961 3210 Weatplr.
978 3145 1013 3195 V.
1036 3149 1076 3203 ll,
1094 3141 1164 3194 Noe.
1185 3145 1255 3198 1846,

128 3253 152 3301 p.
172 3245 221 3288 260
239 3254 296 3304 sqq.
333 3240 383 3291 Ubi
410 3249 435 3290 et
461 3242 511 3291 alia
534 3249 559 3291 et
585 3243 672 3305 pulcre
694 3241 769 3290 hacc:
797 3239 880 3289 »Eine
906 3238 989 3288 latere
1013 3235 1157 3300 Bedeataap
1181 3231 1257 3284 errae

128 3332 336 3393 »Theremim
362 3333 406 3382 der
424 3333 563 3399 Prediper,
583 3333 708 3393 dederet,
729 3332 789 3381 doaz
809 3347 836 3380 er
858 3333 883 3381 in
903 3332 967 3381 einer
988 3328 1060 3388 Zeia,
1080 3343 1116 3376 wo
1141 3326 1180 3377 dia
1194 3321 1257 3375 Zatl

128 3423 188 3473 ader
206 3424 419 3475 unaractroelcenen
438 3425 564 3476 Bekenner
581 3426 624 3475 der
646 3425 768 3476 Watrler't
786 3426 839 3489 aas
850 3423 895 3473 den
919 3419 1030 3472 Kanzeln
1049 3418 1108 3469 necle
1126 3417 1191 3468 nieht
1206 3414 1256 3465 retr

128 3532 215 3580 aprosz
239 3534 308 3579 war,
329 3517 373 3567 den
393 3517 596 3568 itternatr'trlleten
620 3517 749 3581 Urcpranp
771 3514 814 3564 der
839 3512 929 3564 atriatl.
952 3511 1079 3577 Relipion,
1100 3509 1140 3560 die
1161 3505 1256 3560 Gottleit

128 3608 235 3660 »cariae
258 3609 308 3660 aad
333 3610 378 3660 dae
401 3609 605 3675 Erldsunpawerle
625 3610 666 3658 mit
690 3610 753 3659 einer
773 3605 978 3670 Standlrafliplrea't
993 3604 1043 3654 aad
1059 3602 1186 3677 Inaipkait
1204 3615 1255 3650 aar·

127 3700 270 3766 akdndr'pte,
290 3702 333 3752 der
348 3719 402 3751 man
421 3702 459 3752 die
476 3700 544 3766 Tiasa
563 3701 606 3751 der
627 3701 811 3765 Ueterzeupunp
827 3696 961 3762 absdlrlte!¹

162 3796 196 3856 (2)
216 3796 351 3844 Brunsvici
369 3795 392 3843 d.
415 3793 609 3844 ladernaco.
630 3797 801 3853 1174111111,
821 3793 952 3842 Potedami
970 3802 1100 3850 mortuus,
1121 3789 1148 3839 d.
1169 3794 1184 3837 3
1201 3787 1254 3838 De·

125 3889 219 3937 cembr.
237 3902 259 3935 a.
282 3891 353 3935 1819.
380 3885 422 3935 Sic
439 3885 601 3935 Dr'a'asekii
619 3885 685 3934 diem
699 3893 725 3934 et
742 3885 853 3934 natalem
870 3885 994 3933 definiunt
1011 3890 1035 3932 et
1051 3881 1156 3932 fatalem
1169 3882 1202 3931 H.
1212 3879 1251 3930 W.

125 3977 357 4027 Rotormund:
383 3975 486 4026 Leainon
505 3975 565 4026 aller
584 3974 719 4033 Gelelrten,
741 3976 779 4025 alia
798 3977 843 4026 sert
858 3976 901 4024 der
925 3974 1090 4040 Refhrmation
1107 3975 1133 4022 111
1155 3973 1254 4022 Bremen

125 4070 197 4138 palate
222 4070 296 4120 leben
314 4079 360 4120 etc.
380 4071 476 4133 (Brem.
497 4073 572 4132 1818)
600 4071 674 4119 Tem.
694 4070 714 4118 Ι.
734 4086 759 4132 p.
782 4073 828 4118 103
845 4085 899 4132 sqq.
918 4075 943 4119 et
967 4066 1052 4118 Neaer
1074 4064 1199 4130 Nalerolop
1215 4064 1254 4113 dar

124 4164 274 4224 Deutselen,
292 4163 382 4228 Jaarq.
408 4165 524 4214 XXVII.
551 4168 629 4214 1849.
650 4162 724 4213 Tem.
749 4162 784 4211 II.
811 4177 835 4225 p.
855 4166 903 4210 969
922 4175 975 4223 sqq.
1011 4158 1052 4207 Ex
1078 4172 1129 4222 quo
1149 4167 1254 4221 utroque

125 4273 202 4322 opere
229 4273 279 4308 non
307 4258 378 4308 nulla
406 4257 445 4306 hle
472 4257 553 4306 hausi.
588 4256 681 4306 Paullo
699 4257 773 4304 aliter
793 4254 902 4303 natalem
921 4253 975 4315 ejus
999 4253 1065 4302 diem
1091 4258 1178 4300 notat:
1195 4249 1251 4310 Ala.

125 4351 215 4401 Konst-
236 4367 263 4399 en
285 4349 439 4410 Leuertode‚
471 4356 553 4410 1819,
581 4350 626 4399 N0.
654 4357 685 4409 2,
712 4349 784 4411 cujus
811 4351 887 4398 etiarn
912 4347 980 4398 lectu
1007 4359 1059 4396 nou
1088 4344 1192 4408 indigna
1218 4348 1253 4392 est

125 4447 244 4495 narratio.
