2828 4950
180 329 243 390 150
565 347 606 390 or
629 346 727 389 narra
751 347 914 389 neroncrrs

178 513 261 575 citur
291 510 529 576 Protestantium
559 510 733 596 Dianium),
760 518 883 595 propter
906 511 997 579 nimis
1021 510 1186 587 honorittuc
1208 512 1316 585 lauda·

177 631 245 691 tum
270 625 561 701 De·Wettium,
589 627 662 690 satis
685 628 794 691 acriter
813 626 897 691 litem
918 626 1109 713 intenderet.⁸
1141 626 1224 699 Huic
1244 649 1317 697 uero

176 742 221 804 ita
248 740 334 824 plura
364 745 564 824 reposueruut
595 742 764 815 ductores,
799 746 834 804 nt
857 763 939 817 eaor,
962 762 1052 824 qaam
1075 742 1201 812 ineunte
1223 741 1338 811 hdoce'

178 855 381 940 disputatione
404 855 584 938 sequendam
613 855 904 928 commendavimus,
932 856 1043 940 judicii
1067 855 1221 927 lenitatem
1247 877 1317 923 cum

176 992 265 1034 sanae
295 969 410 1034 Christi
442 969 595 1035 doctrinae
624 992 725 1041 amore
754 970 834 1035 felici
867 971 1022 1054 copulasse
1050 969 1206 1039 coenubio
1228 969 1317 1035 nohis

176 1090 259 1149 certe
281 1085 469 1148 riderentur.
517 1083 595 1149 Nam
620 1090 651 1149 et
674 1083 731 1149 alia
754 1091 785 1149 et
809 1083 881 1151 hacc
905 1085 1107 1169 profitentur:
1256 1155 1260 1158 ,

223 1199 432 1268 »Fortunatas
459 1197 551 1274 illo,”
582 1198 686 1281 siunt,
725 1202 799 1284 »qui
827 1221 887 1265 asoa
919 1209 982 1289 tom
1014 1201 1084 1274 dou,
1113 1221 1207 1283 quam
1240 1200 1315 1269 Da·

177 1312 393 1387 »Wettium
424 1321 608 1396 anteaquam
634 1315 667 1377 in
686 1314 767 1400 fidei
799 1310 992 1381 Ctrs'su'aaoe
1018 1323 1134 1378 temam
1152 1315 1325 1398 poaeem‘atn

175 1429 395 1511 »promissam
418 1428 511 1490 arida
530 1428 709 1510 peraprdrit
728 1428 879 1491 taurianae
900 1429 1071 1511 sapientiae
1091 1430 1220 1503 decocta,
1253 1428 1317 1497 aad

176 1570 192 1600 s
192 1543 371 1629 fortunatus
390 1544 462 1613 item
492 1543 591 1621 domo,
621 1549 713 1609 immo
733 1544 1018 1630 sonninotissimus,
1045 1545 1098 1629 oui
1124 1567 1186 1611 oon
1213 1546 1316 1613 minim

177 1656 346 1742 »solicitam
377 1679 470 1741 mam
498 1657 561 1735 itte,
595 1679 662 1722 cam
689 1660 790 1743 ipsum
825 1660 946 1723 taudem
979 1658 1151 1743 aliquando
1184 1661 1316 1744 attineat

179 1781 310 1835 »tunam
329 1772 517 1855 promissam
546 1769 629 1856 (1).’'
783 1775 785 1778 ’

220 2217 305 2288 Quae
326 2220 424 2302 pietas
445 2219 476 2283 in
502 2219 600 2289 Deum
623 2223 759 2302 quaeque
774 2214 901 2283 Cirristo
916 2216 1017 2285 hahita
1037 2217 1112 2285 tides
1135 2215 1312 2285 lte-uet-

174 2333 225 2395 tii
248 2332 280 2395 in
304 2337 426 2416 pectore
448 2333 502 2401 diu
525 2353 593 2401 cum
616 2333 675 2409 iis,
701 2353 776 2415 quae
800 2332 884 2407 dixi,
910 2330 1071 2401 colluctata
1095 2341 1158 2401 eret
1181 2329 1312 2422 impedi-
1353 2407 1355 2410 v

105 2447 110 2456 ’
173 2447 300 2521 mentis,
331 2452 435 2528 atque,
466 2453 596 2514 exeunte
626 2445 747 2513 demum
770 2446 907 2510 terrestri
931 2445 1000 2511 Viri
1024 2444 1196 2523 curriculo,
1223 2445 1311 2516 lucu·

171 2559 268 2629 lenter
299 2561 435 2630 omnium
464 2562 496 2623 in
528 2565 723 2645 conspectum
753 2562 837 2625 venit
865 2581 899 2625 ac
929 2561 1155 2645 cognitionem
1188 2582 1225 2627 aa
1247 2561 1312 2651 ipsa

171 2695 450 2745 aueosrrussnosr
463 2677 520 2743 toti
531 2675 675 2758 praefuit,
695 2674 732 2741 ab
752 2670 876 2760 ephebis
894 2680 990 2752 actae,
1012 2676 1093 2739 vitae
1114 2675 1310 2747 moderatrix.

173 2786 277 2869 Hujus
292 2792 323 2851 et
337 2788 491 2856 ineuntem
508 2812 542 2853 en
557 2790 686 2857 duxerat
701 2790 948 2866 adolescentiam,
964 2795 995 2853 et
1009 2791 1180 2857 universam
1200 2790 1310 2857 deinde
1403 2786 1406 2792 ’

171 2899 290 2963 virilem
315 2922 348 2963 aa
371 2908 576 2966 senescentem
600 2905 631 2966 in
655 2877 814 2988 ipsamque
829 2905 891 2987 jam
915 2910 1044 2973 mortem
1065 2903 1240 2973 inclinatam
1264 2926 1310 2977 rc·

172 3035 245 3098 gere
268 3017 401 3098 perrexit
431 3023 568 3089 aetatem.
617 3017 701 3087 Huic
729 3018 780 3082 ille
813 3040 913 3087 comes
936 3019 1033 3089 adluit
1056 3026 1087 3084 et
1110 3019 1309 3109 gubernatrix

172 3128 347 3208 meditanti,
375 3130 540 3210 scribenti,
574 3129 716 3211 docenti,
740 3131 864 3216 publice
898 3154 945 3197 res
968 3135 1071 3219 agenti
1094 3155 1129 3199 ac
1151 3133 1308 3222 priuatim.

171 3241 217 3307 Ut
246 3265 310 3310 eam
334 3247 433 3313 ocimi
463 3268 524 3311 non
554 3247 738 3330 principium
767 3252 905 3325 tanturn,
932 3247 984 3311 sed
1016 3249 1071 3332 (ita
1094 3249 1121 3312 si
1145 3248 1248 3316 dicere
1269 3247 1309 3313 li·

172 3363 232 3445 cet)
257 3365 394 3427 animam
416 3363 479 3428 fere
504 3363 664 3427 vocaveris.
710 3363 783 3429 Non
811 3364 922 3433 mirum
945 3364 1054 3447 igitur,
1080 3363 1106 3424 si
1130 3359 1168 3427 ab
1187 3361 1242 3429 ilio
1259 3361 1309 3428 iu·

170 3476 285 3543 tuendo
317 3476 404 3541 facile
433 3478 469 3540 ed
500 3477 578 3547 tuac
609 3476 873 3560 contemplandum
900 3477 998 3541 fertur
1029 3477 1138 3541 oratio.
1171 3512 1214 3523 -
1240 3475 1308 3545 Neu

169 3611 256 3666 vero,
280 3592 417 3674 quamvis
440 3613 549 3675 magna
573 3592 731 3674 utriusque
755 3591 972 3654 dissimilitudo
990 3591 1097 3663 luerit,
1121 3589 1179 3652 alia
1198 3589 1309 3652 desunt

170 3706 401 3791 comparationis
425 3711 594 3782 momenta,
628 3726 723 3788 quae,
757 3703 983 3768 De-Wettii
1007 3703 1062 3766 ubi
1085 3701 1174 3766 nobis
1196 3703 1308 3788 imagi·

169 3840 240 3885 nem
262 3821 562 3904 repraesentavimus,
588 3821 621 3882 in
645 3819 874 3886 Neandrum
902 3819 1096 3907 cogitandum
1120 3825 1228 3904 sponte
1251 3841 1308 3884 nos

170 3935 329 4000 adducent.
377 3935 491 4003 Eidem
520 3938 602 4003 enirn
630 3935 872 4002 Berolinensium
904 3955 1009 3999 recens
1037 3936 1108 4005 natet
1135 3935 1167 3996 in
1190 3934 1309 4001 Acade·

168 4049 231 4112 mid
260 4049 304 4111 sie
333 4048 516 4133 aliquamdiu
547 4050 689 4136 Collegae
720 4052 844 4116 luerunt
874 4055 905 4114 et
931 4050 1066 4133 eiusdem
1093 4048 1181 4121 amba
1205 4071 1307 4118 sacrae

168 4162 344 4247 disciplinae
372 4164 537 4239 Doctores,
565 4172 601 4228 ut
631 4167 732 4230 utrius
762 4166 872 4229 elarius
904 4171 982 4227 esset
1012 4186 1122 4231 noman
1151 4185 1185 4228 sc
1209 4164 1308 4250 magis

173 4317 313 4327 »μανι-...-

205 4414 241 4477 (1)
260 4415 338 4467 vida.
356 4417 475 4468 Arctiver
493 4418 525 4467 ‹lu
543 4418 733 4476 christianismo,
756 4425 833 4478 1850,
854 4417 898 4468 ΝΟ.
919 4425 957 4470 10.
