2782 4958
290 1364 990 1465 uulusrlcauslc.

566 1641 569 1645 ·
580 1632 708 1650 nno·—

625 1842 662 1905 A.

265 2024 503 2080 Quilnsrlonus
527 2023 693 2071 CRITIOAB
717 2022 760 2068 ET
782 2023 1018 2070 EXBGETIOAE.

629 2192 654 2245 Ι.

120 2290 254 2416 Quam,
280 2338 491 2423 praeeuntibus
515 2338 697 2411 Winero,
724 2337 950 2401 Fritnschio
975 2338 1099 2422 aliisque
1124 2339 1208 2402 Viris

62 2453 361 2531 praestantissimis,
386 2474 468 2517 nnnc
493 2454 607 2537 magis,
633 2472 721 2535 quam
745 2451 836 2525 olim,
863 2452 1038 2536 sequimur,
1066 2452 1101 2515 ad
1126 2475 1209 2517 accu-

61 2572 163 2634 ratas
178 2569 394 2635 Grammatices
418 2568 498 2652 leges
521 2572 624 2629 exacta
647 2588 681 2628 ae
704 2587 814 2643 severa,
833 2566 936 2629 Sacrae
959 2565 1091 2628 Litteras
1113 2566 1209 2629 inter·

58 2680 213 2746 Pretandi
237 2683 329 2759 ratio,
357 2687 402 2743 est
425 2679 498 2743 haec
521 2681 563 2742 ite
587 2681 687 2764 magni
711 2680 845 2743 facienda
868 2686 957 2763 atquc
981 2679 1153 2757 excolenda,
1174 2684 1209 2742 nt

60 2787 112 2853 ad
131 2797 249 2861 illarum
271 2818 340 2859 cum
363 2795 508 2859 honorem
526 2795 672 2859 tuendum
692 2791 757 2860 tum
775 2818 876 2859 sanam
896 2797 1063 2860 doctrinam
1085 2817 1209 2881 eognos-

60 2912 202 2975 eendam
228 2917 258 2973 et
281 2910 490 2973 vindicandam
513 2910 676 2993 prudenter
700 2910 887 2975 adhibeatur.

620 3098 661 3152 ΙΙ.

117 3223 295 3289 Cavendum
324 3229 370 3286 est
397 3223 599 3308 pulcherrima
630 3224 702 3288 haec
726 3247 759 3288 ac
782 3225 985 3288 laudatissima
1015 3226 1207 3289 rationein

62 3334 224 3418 ejusmodi
246 3338 330 3401 abeat
353 3338 573 3424 degeneretque
595 3338 715 3424 factum
737 3345 769 3403 et
795 3343 929 3422 alconem
950 3343 1206 3425 qrammatieum,

61 3458 123 3535 qui
151 3454 385 3537 sapientissimos
415 3474 551 3536 quosque
575 3475 609 3517 ac
639 3456 845 3518 sanctissimos
868 3454 959 3519 Viros
981 3456 1083 3540 inepte
1109 3455 1209 3519 dicere

60 3574 166 3655 cogat
187 3572 276 3651 atque
299 3569 422 3632 insulsa.
469 3566 559 3639 Quod
583 3592 671 3632 sanae
694 3569 947 3634 Hermeneuticae
969 3574 1159 3653 praeceptum
1182 3569 1207 3630 si

60 3685 164 3750 multi
189 3683 342 3770 negligere
366 3692 494 3771 pergant
517 3685 664 3770 aequales,
690 3685 857 3749 timendum
882 3689 996 3758 estne,
1019 3683 1109 3746 sicuti
1133 3683 1209 3748 lana

60 3794 122 3865 illa
149 3820 184 3861 uc
200 3821 289 3882 vaqa,
318 3821 393 3883 quae
424 3801 546 3864 ineunte
574 3801 631 3864 hoc
654 3800 754 3864 seculo
778 3801 892 3885 viguit,
919 3797 1135 3882 interpretandi
1160 3798 1207 3861 via

59 3931 124 3997 per
150 3934 235 3976 suam
258 3914 446 3997 pessumdata
469 3922 514 3978 est
537 3916 688 3979 licentiam
712 3917 871 3998 omniaque
891 3915 1064 3977 miscentem
1086 3914 1207 3977 temeri·

61 4033 176 4103 tatem,
200 4030 242 4091 ita
265 4050 345 4092 nunc
369 4037 544 4113 regnantem
570 4033 803 4095 deaurationem
824 4030 1048 4114 grammaticam
1068 4029 1207 4110 inquinet

107 4308 145 4367 (l)
165 4302 244 4369 Spero
264 4306 316 4355 sore
336 4315 362 4354 ut
381 4309 496 4368 proximo
515 4305 665 4354 Clnrlnrum
679 4306 757 4354 Libro
770 4306 856 4368 paullo
875 4304 1032 4369 arripliorem,
1051 4318 1125 4367 quain
1138 4318 1205 4351 nune

71 4399 175 4458 licebat,
195 4398 338 4461 hujusmodi
358 4398 535 4456 (delicatioribus
554 4400 637 4449 locum
656 4399 714 4448 dare
734 4401 836 4461 possim.
