2782 4958
129 361 192 434 116
607 376 774 420 saeviores

130 566 244 611 merere
273 546 385 632 pergit.
434 544 542 629 Neque
574 544 670 629 igitur
700 543 907 628 Praeceptoris
930 548 1012 609 certe
1035 544 1142 608 amicis
1163 546 1264 629 ingra-

129 669 195 726 tum
210 682 258 726 me
273 662 422 725 facturum
438 681 501 724 esse
517 658 652 736 confido,
671 661 696 722 si
710 680 826 730 eorum,
846 680 921 742 quae
937 680 974 721 ex
990 656 1067 722 Viro
1083 659 1264 742 gravissimo

129 777 278 862 cognovi,
303 796 450 840 summam
479 774 530 838 hic
563 794 735 858 reposuero.
783 773 874 844 Quod
905 774 1137 837 memoravimus
1166 772 1266 858 igitur

128 913 215 976 opus,
238 894 352 956 tessera
374 895 530 955 notatum:
565 889 691 954 Varitoti
715 888 894 967 saltatori,
921 910 956 950 ac
978 888 1107 951 sedecim
1131 888 1266 972 particu-

126 1005 165 1070 lis
195 1006 358 1070 menstruis
388 1005 914 1084 divisum,annis1787-1789,
955 1003 1087 1089 Trajecti
1114 1005 1159 1067 ad
1184 1001 1266 1068 Rae·

70 1146 73 1151 ·
127 1141 213 1196 num,
238 1120 317 1205 apud
340 1119 649 1185 Henricumuan
671 1115 853 1183 Otterloo
877 1120 935 1204 (l),
959 1118 1074 1182 editum
1096 1123 1156 1183 est.
1192 1117 1267 1182 Pri·

126 1255 195 1299 mua
217 1233 267 1298 hic
297 1232 369 1298 libri
400 1235 512 1298 Tamus
534 1233 590 1320 (sic
612 1233 694 1296 enim
724 1232 857 1310 dicitur;
882 1253 1063 1316 quamquam
1084 1233 1118 1295 in
1142 1252 1180 1294 eo
1204 1252 1267 1295 uno

126 1347 243 1413 edendo
265 1345 437 1412 substitisse
461 1348 602 1412 videntur
623 1348 773 1428 auctores)
794 1347 920 1432 paginas
947 1346 1158 1431 complectitur
1182 1351 1263 1412 575.

125 1462 325 1536 Posteriores,
362 1483 438 1546 quae
460 1484 489 1525 a.
517 1464 603 1528 1789
628 1460 767 1547 vulgatae
792 1465 876 1540 sunt,
906 1462 1070 1545 particulae
1104 1462 1266 1543 praefatio·

126 1597 195 1639 nem
220 1572 341 1653 habent,
376 1575 464 1658 cujus
486 1579 639 1639 auctorem
662 1595 694 1637 se
716 1575 877 1660 profitetur
906 1576 938 1639 S.
966 1576 997 1640 d.
1018 1575 1070 1650 V,
1091 1576 1125 1640 id
1147 1581 1209 1652 est,
1230 1581 1266 1640 ut

129 1688 263 1769 videtur,
287 1688 418 1752 Simon
444 1687 489 1751 de
512 1688 663 1765 Visser‚
689 1693 754 1753 tum
779 1689 903 1754 fortasse
930 1688 1117 1754 Clarissii
1139 1688 1265 1775 Rheno·

127 1802 300 1886 'Prajectint
332 1804 365 1866 in
395 1801 558 1868 Academia
589 1803 833 1889 condiscipulus,
866 1806 919 1889 qui
947 1806 979 1868 in
1007 1806 1093 1890 pagis
1123 1804 1268 1890 deinceps

127 1915 325 2003 Spykeuiaso,
350 1915 452 1995 Etiou
475 1922 505 1980 et
528 1916 723 2004 Dronpelen,
750 1919 886 1993 tandem,
909 1920 941 1982 ni
964 1919 1105 1996 fallimur,
1128 1919 1161 1982 in
1185 1938 1268 2005 pago

128 2031 289 2096 Aalsmeor
311 2053 463 2096 sacrorum
487 2031 631 2097 Minister
653 2034 714 2100 tait
737 2033 798 2118 (2).
847 2032 929 2096 illud
951 2032 1057 2118 igitur,
1070 2031 1131 2096 >cui
1150 2030 1266 2096 Mode-

127 2151 209 2210 rator
230 2146 280 2210 hic
302 2148 465 2232 praefuisse
485 2148 614 2225 videtur,
638 2169 714 2233 opus
737 2149 786 2232 pia
809 2148 945 2211 continet
968 2146 1122 2220 meditatu,
1148 2147 1266 2231 episto·

126 2261 182 2342 las,
208 2261 377 2327 orationum
400 2284 551 2327 sacrarum
574 2262 754 2349 fragmenta,
780 2264 852 2326 item
875 2260 1094 2346 qualiacunque
1116 2260 1264 2344 quaedam

129 2375 275 2440 carmina.
313 2374 470 2440 Nonnulla
492 2375 679 2462 trascripta
702 2380 834 2452 exstant,
851 2374 1016 2460 juvenilem
1037 2373 1168 2457 aliquam
1193 2394 1265 2437 exu-

128 2489 293 2555 berantiam
325 2480 467 2556 liabentia
497 2491 747 2576 grandioremque
775 2490 880 2568 illum,
909 2490 962 2574 qui
985 2487 1166 2552 Bellamii
1190 2491 1266 2551 tuno

129 2605 235 2669 amicis
255 2603 409 2669 nonnullis
429 2603 576 2689 placebat,
599 2605 703 2671 stilum
722 2609 811 2689 atque
826 2605 1003 2668 orationem.
1040 2601 1145 2667 Haece
1167 2602 1267 2687 igitur

128 2717 255 2783 Horrao
281 2710 366 2801 plaia
396 2718 591 2782 continentur
609 2718 818 2803 Praeceptoris
842 2719 940 2782 nostri
961 2718 1094 2803 practica
1113 2736 1265 2782 commen·

129 2831 255 2908 tariola,
280 2852 409 2916 quorum
437 2831 576 2915 pleraque
597 2833 685 2917 pleno
708 2834 773 2917 ejus
794 2832 917 2897 nomina
934 2835 1094 2907 notantur,
1114 2851 1177 2897 uua
1200 2851 1265 2923 esse

129 2944 242 3011 dioitur
264 2943 299 3009 J.
327 2945 366 3009 0.
387 2943 425 3011 Ρ.
453 2945 497 3022 S„
522 2945 546 3008 i.
567 2968 596 3009 e.
622 2946 785 3011 Joannis
819 2947 1008 3024 Clarisse,
1040 2944 1262 3030 Philosophiae

129 3058 279 3125 Studiosi.
328 3058 441 3123 Omnes
464 3061 595 3126 auctoris
613 3066 763 3126 testantur
782 3061 815 3125 in
837 3061 939 3126 Deum
966 3060 1182 3144 Christumque
1199 3060 1263 3143 pie·

128 3178 234 3250 tatem,
259 3178 348 3256 atque
371 3174 488 3258 ingenii
511 3174 638 3240 subinde
653 3175 797 3261 igniculis
815 3175 1060 3262 distinguuntur,
1078 3195 1133 3238 nec
1156 3151 1263 3238 stilum

130 3293 229 3351 tamen
253 3285 364 3351 habent
391 3287 427 3351 ad
455 3287 574 3355 virilem
596 3290 800 3355 maturitatem
832 3290 968 3354 limatum
999 3310 1034 3353 ac
1056 3289 1263 3373 Dogmaticen

128 3402 228 3488 paullo
263 3402 361 3487 magis
382 3400 604 3481 scholasticam,
627 3426 717 3489 quam
745 3409 847 3490 postea
872 3403 901 3469 ci
927 3402 1075 3488 placuisse
1104 3403 1261 3467 novimus.

131 3515 280 3587 Quaene
308 3517 376 3600 quis
405 3518 549 3595 miretur,
573 3519 782 3605 duodeviginti
818 3524 871 3583 aut
897 3518 1091 3603 undeviginti
1114 3539 1266 3582 annornm

132 3628 351 3701 adolescentem
381 3630 490 3707 fuisse,
522 3632 596 3697 haec
629 3634 682 3717 qui
714 3632 877 3714 scriberet,
914 3637 1068 3698 auctorem
1100 3631 1269 3718 perpendat

132 3754 259 3833 oportet.
284 3788 325 3797 -
351 3749 442 3821 Quod
464 3747 613 3833 reliquum
638 3753 702 3826 est,
728 3769 804 3832 quae
830 3748 888 3813 hoc
910 3748 947 3812 de
970 3746 1067 3823 libro,
1097 3766 1181 3811 nunc
1205 3748 1269 3812 fere

134 3864 240 3948 ignoto
263 3863 328 3939 illo,
348 3866 400 3928 sed
423 3863 662 3929 Clarissiani
680 3862 811 3927 nominis
829 3862 1119 3928 commendationem
1137 3859 1273 3927 habente

127 4042 269 4052 ——-—-.-

154 4132 207 4214 11)
227 4150 267 4201 De
285 4165 336 4216 quo
355 4151 405 4202 vid·
424 4152 528 4203 Mamor.
545 4152 611 4226 Cirr.
630 4171 655 4220 p.
675 4159 732 4205 259.

171 4242 208 4305 (2)
228 4241 269 4292 Of.
286 4242 313 4294 J·
331 4242 367 4293 H.
391 4241 511 4306 Brans,
535 4245 601 4296 karle.
623 4243 736 4312 Rapister
756 4244 799 4295 dar
817 4243 913 4295 Pradd.
933 4271 964 4280 -
983 4260 1029 4294 uon
1047 4242 1075 4293 de
1092 4241 1203 4309 speruus
1227 4259 1277 4293 vau

18 4326 23 4331 ’
137 4332 171 4384 Ζ.
193 4332 303 4385 Hoitrad
325 4341 372 4387 etc.
397 4337 529 4400 (Roterod.
553 4349 577 4391 et
600 4341 676 4398 alibi,
701 4336 776 4402 laea)
799 4353 824 4403 p.
850 4343 907 4387 114.
934 4343 991 4388 134.
1026 4336 1079 4388 Nec
1100 4344 1169 4389 certo
1187 4343 1277 4389 tamen

138 4428 205 4490 scio,
222 4441 286 4478 num
304 4428 364 4491 quid
382 4429 448 4484 sorte
467 4446 537 4485 meae
555 4432 614 4484 huic
632 4435 662 4484 de
679 4432 746 4485 Viro
765 4447 824 4485 seu.
841 4433 966 4485 notationi
983 4434 1054 4485 desit.
