2782 4958
124 337 168 398 58
607 349 763 392 ursuosuu

131 522 241 606 inquit,
269 540 404 592 reorum,
431 540 507 602 qaae
529 518 581 581 illo
603 519 640 582 de
662 518 775 601 scripto
799 517 898 581 adletae
920 516 977 581 aiii
1000 518 1158 594 diaorant,
1186 538 1271 579 som·

133 659 238 699 »mam
260 634 395 719 reponit,
416 643 449 696 at
475 642 577 696 tamen
599 631 697 716 plone
719 651 792 695 snus
822 641 987 716 appareat.
1037 630 1106 710 Quo
1124 630 1215 715 sarto
1238 631 1272 693 in

134 751 241 834 ntonye
263 750 425 823 meliorem,
452 770 545 832 qoam
573 767 631 830 qao
648 747 747 810 adina
762 744 881 831 firerat,
901 749 997 810 locum
1018 745 1162 829 epistolm
1180 745 1273 807 inter·

132 867 352 947 »pretationem
375 863 542 927 adduxisse
566 862 730 925 censendas
751 871 793 925 ert
816 861 901 943 (1)st
929 896 973 909 ·-
998 860 1070 925 Alio
1099 879 1171 922 mox
1198 865 1273 922 aon·

131 973 212 1040 salto
233 977 386 1055 Consors,
420 975 610 1060 Philolopioo
632 975 798 1040 hodiernae
820 975 884 1039 luae
898 973 995 1059 plane
1012 996 1044 1038 se
1065 973 1273 1038 oodratratam

131 1093 346 1156 demonstrasse
373 1091 608 1174 Explicatorem
633 1110 773 1167 moneor,
808 1094 899 1173 atque
929 1088 1078 1153 animiam
1112 1087 1272 1152 lectoribus

131 1207 313 1271 eruditionis
328 1206 449 1290 copiam
462 1204 608 1288 probdsse
621 1204 679 1288 (2).
695 1239 739 1252 -
750 1202 820 1282 Sed,
839 1224 906 1287 age,
925 1200 1141 1265 Willibsldi
1151 1201 1270 1264 Grim-

130 1319 317 1391 mii'etiam
339 1317 473 1381 veterani
485 1315 633 1400 theologi
653 1314 806 1390 ienensis,
821 1336 925 1379 reeens
944 1288 1097 1399 prdditum
1117 1313 1268 1397 judicium

129 1436 299 1512 audiamus,
313 1454 374 1516 quo
393 1433 458 1496 loeo
478 1432 515 1495 de
534 1431 757 1514 Meyeriantl
778 1431 970 1515 epistolarum
990 1430 1026 1494 ad
1039 1430 1267 1514 Philippenses,

78 1625 86 1635 r
132 1543 337 1620 Colossenses,
367 1544 637 1631 Philemonemque
667 1546 915 1630 interpretatione
945 1546 1065 1630 copiose
1086 1545 1180 1609 refert
1204 1546 1266 1624 (3).

130 1659 192 1723 Hie
216 1660 312 1743 igitur
335 1656 420 1733 eum,
454 1658 491 1721 de
514 1680 574 1742 quo
596 1661 732 1745 agimus,
763 1660 965 1744 interpretem
989 1661 1047 1744 ipsi
1074 1661 1167 1723 etiam
1197 1661 1268 1724 De·

131 1773 283 1836 Wettio
305 1771 343 1836 ab
365 1773 546 1836 eruditionis
568 1772 769 1858 philologicos
785 1774 872 1857 oopit
887 1773 1066 1837 antecellere
1084 1773 1172 1848 dieit;
1190 1773 1268 1837 unde

132 1890 196 1962 fiat,
222 1894 257 1951 ut
279 1889 491 1973 grammaticas
518 1909 566 1951 res
593 1910 628 1951 ao
656 1887 911 1973 lexicographicas
933 1888 1062 1972 majore,
1084 1909 1175 1973 quam
1199 1889 1265 1965 ille,

132 2003 291 2088 diligentie
305 2007 394 2087 atque
410 2003 564 2067 evidentia
578 2005 804 2087 interpretetur.
839 2003 930 2079 Tum,
948 2002 1135 2068 Fritnsoh
1145 2004 1181 2067 io
1204 2004 1269 2088 qui·

131 2119 200 2181 dem
223 2123 353 2202 mortuo,
377 2139 527 2182 summum
552 2118 707 2201 Meyero
726 2117 784 2181 hoo
805 2118 838 2181 in
862 2140 974 2203 genere
995 2118 1095 2182 loeum
1118 2138 1179 2182 una
1200 2139 1268 2182 oum

132 2231 295 2295 Winero
310 2232 522 2316 assignandum
542 2255 605 2296 essa
629 2231 906 2310 declarat—Sed,
930 2254 969 2297 ne
991 2230 1103 2318 longus
1122 2234 1192 2310 sim,
1213 2233 1269 2298 alia

132 2345 227 2408 multa
250 2346 351 2421 mitto,
375 2367 451 2429 quae
474 2355 659 2422 notaveram,
681 2367 741 2409 non
765 2346 865 2409 minus
887 2345 1052 2410 honorifica
1070 2347 1198 2430 judicia.

171 2461 243 2523 Noe
266 2465 313 2523 est
334 2483 404 2524 sane
427 2460 507 2544 qnod
530 2464 638 2525 offusas
661 2460 729 2538 has,
755 2460 866 2544 quibus
897 2461 1098 2545 Interpretem
1129 2463 1268 2527 certatim

133 2574 283 2657 prosecuti
306 2580 377 2637 sunt
398 2575 552 2658 aequales,
586 2575 731 2639 miremur
758 2574 860 2640 leudes
889 2575 1081 2659 plaususque.
1130 2577 1213 2640 Nam
1236 2582 1267 2641 et

134 2689 198 2751 suis
220 2709 252 2750 se
274 2688 390 2752 meritis
413 2695 517 2752 tuetur
539 2689 664 2752 minime
687 2688 878 2772 vulgaribus,
902 2711 958 2753 neo
977 2710 1157 2773 quemqnam
1180 2693 1265 2766 nori,

133 2802 186 2884 qui
209 2806 240 2865 et
262 2801 469 2866 vehementius
492 2804 680 2887 antiquatum
704 2805 935 2887 vituperaverit,
964 2825 1053 2889 quem
1076 2803 1167 2868 bodie
1196 2826 1269 2870 oon·

132 2915 291 2980 tumeliose
312 2922 432 2995 vooant,
457 2917 684 3002 Empirismnm
707 2919 908 3002 exegetioum,
934 2925 965 2982 et
986 2940 1050 2982 sese
1066 2920 1153 2984 unice
1173 2919 1269 2986 ratio·

132 3031 234 3095 nalem
249 3032 334 3114 sequi
356 3032 633 3116 interpretationem
656 3033 893 3119 prorsmatioam
910 3031 1098 3098 ambitiosius
1115 3034 1270 3118 professus

132 3144 186 3207 sit.
233 3146 281 3209 Ao
303 3144 388 3209 nulla
410 3147 544 3229 profecto
567 3149 683 3211 ratione
705 3167 762 3210 uso
784 3147 967 3230 professione
990 3146 1141 3210 efficacius
1156 3169 1192 3210 aa
1207 3169 1287 3224 me·=

130 3257 206 3321 tiore
228 3279 369 3323 successu
394 3260 465 3324 huio
488 3283 520 3324 se
543 3263 752 3326 commendare
775 3262 922 3345 potuisset
937 3261 1163 3346 Secu10,·qu0d
1186 3285 1269 3328 seve·

131 3394 182 3437 rae
204 3374 338 3439 litteram
357 3375 575 3459 interpretandi
593 3378 789 3454 accuratiori,
815 3375 862 3439 vel
880 3396 966 3439 verae
983 3375 1028 3440 illi
1048 3376 1096 3440 vel
1115 3377 1268 3460 opinatae,

132 3508 248 3552 summa
270 3510 406 3573 quaeque
429 3488 559 3567 tribuit,
593 3513 649 3555 neo
678 3512 746 3555 raro
776 3492 879 3575 inepta
906 3471 996 3574 atqua
1019 3490 1147 3555 absurda
1174 3494 1269 3556 saeris

133 3601 266 3667 tribuere
289 3604 404 3668 mavult
427 3603 644 3688 Scriptoribus,
663 3605 805 3689 quamde
818 3604 952 3669 adamata
974 3605 1032 3671 hae
1047 3606 1093 3670 vel
1110 3607 1269 3672 minimum

132 3717 286 3780 remittere
310 3718 480 3783 severitate.
512 3718 571 3783 Sed
594 3719 666 3784 haec
691 3722 723 3783 in
746 3721 895 3785 minorum
913 3719 1006 3784 veluti
1022 3722 1159 3807 gentium
1176 3724 1269 3788 inter·

133 3834 231 3912 pretes
244 3830 340 3915 magis
355 3834 497 3896 convenit
512 3834 716 3918 reprehensio,
735 3857 825 3919 qnam
841 3835 873 3899 in
889 3857 968 3915 eum,
993 3836 1106 3919 dequo
1123 3837 1265 3918 dicimus,

169 4128 209 4190 (1)
228 4127 304 4178 viu:
321 4129 421 4190 Riihr,
440 4131 495 4182 ierit.
516 4133 638 4199 Prediper
651 4133 795 4195 Bibliotiele,
818 4141 892 4196 1838,
911 4133 942 4185 P.
964 4134 986 4186 1.
1004 4153 1030 4201 p.
1051 4140 1079 4188 17
1096 4153 1151 4204 sqq.
1232 4159 1236 4164 ·

167 4221 207 4283 (2)
225 4221 298 4271 Vin:
316 4221 417 4285 Adpone.
434 4224 525 4287 (Hali.)
543 4224 595 4275 Lit:
606 4225 669 4277 Zeis.
686 4227 752 4292 Apr.
773 4233 848 4287 1838,
865 4225 931 4292 Era.
951 4227 994 4278 Bl.
1011 4245 1056 4279 err
1071 4229 1119 4280 ΝΟ.
1137 4238 1180 4282 29.

168 4314 205 4377 (8)
224 4313 296 4365 Via:
316 4314 397 4367 Ttool.
412 4317 566 4368 Literatartl.
581 4318 670 4384 mally.
687 4318 918 4386 Kretea-Zattara,
938 4326 1011 4372 1850.
1030 4322 1075 4373 Νο.
1088 4328 1198 4375 14-18.
1216 4322 1266 4376 Ubi

133 4406 183 4455 alia
201 4408 281 4458 multa
299 4409 325 4459 in
342 4410 467 4476 Meyeri
484 4412 607 4462 honorem
625 4414 691 4463 dieta
708 4421 816 4463 exstant.
980 4420 981 4423 ’
