2782 4958
634 119 796 164 crusnam.
1242 112 1282 174 73

121 290 195 355 sed
223 289 328 374 potius
350 293 397 368 ut,
423 287 542 353 irritato
563 292 754 374 peccatorum
772 290 922 377 principio
937 312 972 355 ac
988 293 1155 374 stimulato,
1173 295 1285 361 delicta

123 406 333 471 cumularet.
382 403 473 476 Quod
500 404 527 468 si
553 403 632 489 legis
664 427 775 470 munus
802 407 896 471 fuisse
925 411 1007 473 recte
1029 407 1168 484 dicatur,
1193 431 1210 473 a
1232 432 1286 474 ne·

123 521 231 584 minc
254 521 404 605 profecto,
429 519 489 585 nisi
512 517 636 603 abipso
659 517 740 596 Deo,
765 521 797 583 id
820 519 879 584 sibi
901 521 1076 588 mandatum
1099 521 1208 588 habere
1234 545 1286 609 po·

125 635 210 699 tuit
235 635 384 700 muneris.
404 670 446 682 -
462 633 546 707 Jam,
572 638 607 697 ut
627 633 827 718 aposteriore
848 632 906 697 hoc
928 633 996 699 loco
1016 635 1179 722 ordiamur,
1198 658 1287 702 nemo

129 749 275 815 dubitat
297 751 371 834 quin
389 761 498 835 patrea
513 747 570 830 illi,
589 747 726 832 quamvis
740 753 879 836 πονηροὶ
894 725 1107 838 ὑπάρχοντιξ,
1127 771 1287 845 equorum

128 864 374 928 consuetudine
396 862 448 941 hic
469 863 570 948 imago
593 862 729 941 ducitur,
761 862 831 926 ideo
849 865 1041 949 paedcpopir
1063 866 1211 951 regendos
1234 867 1288 932 de·

131 979 258 1044 derint
280 976 371 1054 filios,
396 981 434 1041 ut
456 982 488 1041 et
508 976 598 1042 utilia
620 961 826 1056 docerentur,
840 981 871 1041 et
891 976 1068 1061 disciplinae
1091 980 1250 1046 severitate
1271 1004 1288 1046 a

135 1093 307 1178 peccando
333 1096 555 1158 coercerentur.
603 1091 728 1157 Adeone
757 1091 854 1176 igitur
879 1092 920 1156 iis
947 1091 1079 1157 deterior
1107 1094 1288 1161 informatur

141 1211 357 1295 ὁΠατὴρὸ
387 1209 423 1286 ἐξ
447 1209 600 1292 uvaurae,
624 1210 676 1282 nt,
702 1226 763 1290 qno
785 1206 906 1290 turpius
927 1205 1136 1292 delinquerent
1167 1209 1288 1274 Israeli-

143 1326 214 1398 tae,
239 1321 280 1385 iis
302 1342 335 1385 se
356 1320 560 1406 legislatorem
583 1319 687 1386 daret?
733 1319 870 1385 Hoccinc
898 1320 1029 1386 Paullus
1051 1322 1152 1387 dicere
1173 1325 1286 1410 potuit,

143 1436 268 1519 pietate
289 1435 322 1498 in
345 1415 447 1499 Deum
470 1433 669 1500 immortalem
700 1436 814 1499 nemini
837 1436 1011 1501 secundus?
1057 1435 1142 1508 Quid
1173 1438 1288 1503 multa?

147 1549 246 1614 Hanc
268 1549 498 1634 explicationem
520 1549 547 1612 si
569 1549 616 1614 vel
639 1550 828 1634 permitteret
852 1551 999 1636 imopinis
1021 1552 1115 1630 ratio,
1140 1553 1222 1637 quod
1244 1575 1289 1616 se·

151 1688 211 1731 cus
232 1670 298 1742 est,
320 1668 376 1731 sua
398 1671 499 1731 tamen
521 1687 556 1729 ea
579 1666 785 1731 confutaretur
808 1664 1001 1730 absurditate.

199 1779 249 1845 Ex
279 1781 337 1845 hoo
367 1783 435 1867 ipso
457 1764 558 1849 autem
587 1779 655 1844 loco
679 1780 889 1865 explicandum
920 1785 985 1855 est,
1017 1779 1098 1863 quod
1124 1800 1214 1866 supra
1237 1781 1290 1845 ad·

157 1895 348 1980 scripsimus,
371 1897 514 1960 sectionis
532 1901 573 1960 19
591 1895 725 1960 dictum:
749 1901 815 1965 τῶν
837 1899 1052 1982 παραβάσεων
1076 1902 1170 1982 χάριν
1194 1921 1289 1982 προσ·

158 2013 276 2097 ετέθη,
308 2010 341 2074 id
371 2016 433 2075 est:
463 2015 521 2080 ἵνα
547 2016 590 2096 μὴ
616 2013 672 2096 ἐξῇ
699 2009 879 2086 Ἰουδαίοις
905 2010 1007 2087 ἀδεῶς
1032 2012 1104 2096 ζῇν,
1134 2045 1177 2058 -
1215 2010 1289 2077 ἀλλ’

159 2127 234 2193 ἀντὶ
273 2125 458 2214 χαλίνονό
494 2130 590 2210 νόμος
620 2125 733 2201 αὐτοῖς
759 2127 960 2211 ἐπικείμενος
988 2121 1009 2210 ᾗ
1033 2150 1066 2189 κ.
1092 2151 1123 2192 r·
1154 2125 1186 2191 λ.
1241 2125 1291 2190 Ia

163 2236 397 2326 Otrysostomus,
415 2239 468 2324 qui
490 2238 565 2323 qnid
587 2259 626 2302 ex
648 2239 832 2304 Graecorum
854 2257 913 2303 usu
934 2237 1077 2322 loquendi
1101 2238 1215 2303 Graeca
1230 2237 1291 2324 sig·

159 2353 282 2418 nificare
308 2362 433 2438 possent
465 2349 573 2431 verba,
608 2351 699 2437 longe
729 2349 838 2415 melius
867 2350 987 2415 novisse
1021 2350 1185 2415 censendus
1223 2356 1289 2434 est,

159 2489 252 2554 qnam
274 2472 446 2532 nostrorum
466 2465 635 2552 aequalium
657 2467 827 2552 quisquam,
846 2466 1010 2552 erigentis
1024 2465 1109 2530 illius
1123 2466 1196 2531 usus
1214 2468 1291 2529 tem·
1345 2470 1355 2477 “

158 2603 231 2668 pore
253 2585 339 2647 tanto
362 2579 532 2645 seculorum
554 2580 749 2666 locorumque
771 2579 930 2646 intervallo
953 2578 1134 2664 disjunctus.
1182 2577 1292 2663 Neque

158 2699 257 2785 igitur
279 2697 429 2781 Meyeri
452 2717 501 2760 me
522 2700 625 2761 movet
646 2696 828 2772 auctoritas,
850 2716 912 2759 non
935 2715 1022 2780 posse
1043 2716 1105 2759 non
1127 2692 1205 2758 hane
1227 2695 1290 2757 vim

158 2811 268 2876 habere
293 2818 386 2899 χάριν
411 2811 591 2891 statuentis,
624 2814 661 2874 nt
688 2812 827 2895 ipsorum
850 2811 1079 2876 emolumentum
1100 2808 1216 2873 indicet
1240 2809 1292 2872 de·

158 2927 308 2994 lictorum.
358 2924 449 2997 Quod
480 2925 536 2989 etsi
569 2923 606 2989 ab
627 2925 718 2988 initio
740 2923 799 2988 hoc
829 2944 920 2989 sensu
943 2923 1059 2988 dictum
1082 2944 1147 2986 esse
1168 2942 1223 3007 pro
1246 2928 1291 2998 εἷς

161 3048 254 3129 χάριν
284 3061 346 3104 non
378 3060 508 3126 negem3
538 3039 619 3103 idem
650 3045 750 3103 tamen
773 3059 790 3101 a
813 3036 975 3103 verborum
1006 3037 1208 3122 originatione
1230 3057 1292 3098 non

161 3157 201 3221 ita
224 3157 290 3242 regi
313 3154 456 3240 loquendi
479 3175 568 3221 usum
591 3155 716 3234 affirmo,
731 3160 768 3219 nt
790 3174 853 3217 eam
882 3153 1045 3237 premendo
1063 3149 1292 3216 absurdissimas

164 3292 294 3358 quasque
316 3293 421 3357 parere
444 3268 605 3347 debeamus
627 3268 902 3353 interpretationes.
950 3264 1041 3337 Quod
1065 3265 1174 3330 vitium
1198 3261 1293 3327 Sobo-

163 3384 222 3466 lae,
257 3406 334 3469 quae
363 3385 436 3449 olim
466 3385 543 3461 fuit,
580 3383 766 3449 Litterarum
800 3381 1011 3446 Semiticarum
1044 3377 1292 3443 Schulteasioace

164 3519 241 3564 nunc
264 3519 369 3563 omnes
391 3497 556 3583 objiciunt;
586 3520 624 3562 ne
655 3497 815 3562 imitentur
844 3495 940 3560 nostri
972 3494 1111 3570 videant,
1145 3513 1214 3556 nam
1237 3489 1293 3555 hos

166 3620 243 3681 certe
267 3615 362 3680 amice
386 3635 508 3679 monere
530 3612 649 3690 licebit,
675 3610 913 3678 Commilitones.

208 3916 291 4018 daz(
306 3951 365 4017 IV.
390 3957 446 4017 20.
474 3949 640 4030 Ἀλλάξαι
664 3957 725 4035 τὴν
745 3958 868 4034 φωνήν.
916 3949 950 4013 Si
973 3948 1024 4012 cui
1046 3948 1148 4012 minus
1170 3947 1292 4032 cognita

166 4067 202 4132 sit
221 4068 326 4146 illius,
352 4068 389 4132 de
412 4067 499 4152 cujus
521 4087 611 4152 opere
633 4066 768 4152 agimus,
800 4085 944 4150 genem
967 4061 1083 4126 indoles
1105 4083 1139 4126 ac
1163 4061 1291 4138 candor,

166 4184 246 4261 putet
266 4183 413 4262 forsitan,
447 4185 478 4245 et
509 4180 560 4246 hic
583 4183 614 4244 et
637 4180 704 4245 aliis
736 4177 864 4245 subinde
894 4177 990 4258 locis,-
1023 4175 1115 4241 uimis
1137 4174 1291 4241 fastidiosi
