2782 4958
128 333 170 394 oa
606 345 774 389 nasvroass

126 522 263 581 tuentem
288 517 499 598 Angerum.
525 510 616 591 »Quo
627 508 706 599 flt,’'
728 511 841 595 inquit,
857 510 887 574 id
903 515 960 586 est,
978 512 1039 593 qut
1057 509 1263 574 annotationis

128 632 242 696 ratione
258 629 398 702 efficitur,
418 638 483 703 »nn
501 647 594 712 quum
613 623 874 690 Irac‘hmannus
888 635 916 688 et
929 622 1265 688 Tischendortius

128 743 371 811 »occidentalem
385 743 578 827 potissimum
607 744 703 805 temeto
718 740 859 826 sormam
886 738 1057 817 cohibeam,
1086 739 1185 804 editio
1215 759 1263 802 rc·

102 865 234 945 -.cepta
253 869 281 924 et
296 857 508 923 Scholnius
529 856 652 924 οὶοοοοοι
671 855 860 948 elnensem:
878 875 915 920 ea
936 857 1007 940 apert
1022 854 1136 918 Ιιοοοοι
1154 855 1264 920 editio·

126 1003 140 1032 s
148 997 221 1040 neem
233 974 382 1038 mentione
393 971 543 1059 οοοοοοάο
554 969 639 1035 lectio
651 991 849 1056 unaquaeque
858 968 901 1033 od
912 971 1046 1034 dioneos
1058 970 1156 1034 metita
1163 967 1264 1052 fami·

128 1090 208 1156 ulios
224 1089 374 1174 pertineat
383 1085 447 1175 (l),
461 1087 537 1150 satis
551 1094 629 1151 certo
640 1085 828 1170 perspiciam
851 1082 1159 1150 Griesbaohinm
1177 1105 1262 1159 vero,

126 1214 180 1269 »nt
206 1225 294 1292 quem
315 1203 483 1268 cautissime
505 1201 628 1265 densum
647 1224 668 1265 ο
685 1200 839 1285 emptae-ot
858 1198 1102 1264 dlzeviriant
1121 1199 1266 1279 recedere

125 1328 273 1394 aconita,
302 1320 331 1383 st
362 1317 467 1381 videos
494 1314 657 1380 missotoo
679 1325 760 1380 testu
786 1336 855 1378 cnm
881 1313 1121 1378 Lachmanno
1145 1324 1173 1379 et
1205 1313 1264 1378 Ti·

125 1430 404 1497 »schendorfio
425 1431 664 1506 consentientem,
685 1428 841 1495 lectionem
860 1426 1074 1493 occidentalem
1092 1430 1265 1514 permopnct

126 1548 205 1612 »niti
224 1546 259 1611 in
282 1546 460 1611 anctoritate
483 1545 543 1610 sice
565 1545 691 1609 emme
709 1547 769 1609 aios
790 1544 931 1623 insternit,
960 1553 1038 1609 recte
1060 1544 1263 1629 suspiceris.”

169 1662 221 1726 Sic
243 1662 340 1746 igitur
373 1660 497 1726 criticae
525 1679 595 1723 snae
626 1658 828 1722 annotationis
861 1678 995 1723 caussam
1024 1659 1090 1744 agit
1128 1662 1258 1724 Auctor.

125 1779 228 1861 Atque
249 1775 314 1850 illa,
348 1796 437 1860 qnam
461 1771 616 1853 describit,
648 1773 713 1857 ejus
736 1773 948 1837 informatione
970 1771 1112 1839 brevitati
1145 1774 1261 1839 oonsnl·

126 1897 192 1954 tum
215 1910 281 1952 esse
304 1889 428 1952 minime
449 1889 635 1974 negaverim.
656 1922 700 1936 -
722 1887 808 1952 Num
830 1888 904 1952 item
927 1888 1167 1955 accuratioribus
1197 1890 1262 1955 Cri·

125 2005 256 2069 tinorum
280 2003 389 2068 studiis
411 2025 446 2067 ao
469 2004 603 2067 tironum
619 2002 769 2087 imprimis
783 2002 910 2068 utilitati
932 2002 1126 2069 vehementer
1145 2004 1280 2070 dubito⁴⁴

127 2118 211 2191 Quid
234 2118 338 2183 enim?
373 2117 421 2182 Ex
443 2118 524 2182 faett
545 2117 603 2181 hae
625 2116 792 2181 editionum
816 2118 988 2194 mentions,
1021 2139 1095 2203 quas
1116 2118 1264 2183 lectiones

126 2235 226 2299 variae
249 2231 527 2298 habeant'testium
550 2232 669 2308 classes,
694 2232 848 2316 suspicari
868 2252 923 2296 nos
938 2253 1024 2317 posse
1040 2233 1180 2298 affirmat.
1205 2233 1263 2297 Sed

127 2369 217 2432 quam
238 2349 355 2412 incerta
377 2344 450 2410 haec
473 2343 561 2409 nobis
584 2346 644 2409 erit
665 2344 841 2409 hariolatio!
880 2345 959 2410 Cum
988 2347 1164 2430 praesertim
1189 2346 1263 2410 Edi·

127 2469 240 2540 torum,
265 2482 342 2546 quos
362 2460 476 2542 laudat,
501 2481 589 2524 nemo
612 2461 737 2524 eandem
763 2465 934 2524 constanter
957 2465 988 2524 et
1008 2462 1042 2524 in
1059 2460 1202 2525 omnibns
1217 2461 1264 2526 vel

120 2578 249 2641 testium
271 2574 415 2640 familiam
430 2575 487 2639 >vel
507 2574 663 2658 judicandi
686 2595 821 2667 normam
844 2579 1000 2658 sequatur.
1044 2573 1264 2640 »Lachman-

130 2690 381 2774 »nus,‘'inquit‚
401 2699 450 2754 »et
468 2688 815 2754 Tischendorfins
837 2685 1048 2755 occidentatem
1067 2690 1265 2775 potissimum

127 2804 246 2869 »tentiis
256 2803 396 2889 formam
408 2803 582 2869 entibent.'·'
606 2804 650 2867 At
670 2808 817 2888 quantum
833 2803 918 2868 illices
932 2804 1014 2869 iuter
1028 2809 1146 2869 textum
1169 2805 1264 2869 inter·

128 2922 186 2998 est,
210 2917 264 3002 qui
287 2916 562 3006 diplomatiedfide
584 2918 719 2999 omnium
736 2918 960 3002 antiquissimos
978 2940 1011 2982 se
1033 2919 1119 3002 sequi
1134 2918 1265 2984 Codices

128 3031 297 3117 profitetur,
322 3037 355 3096 et
375 3032 465 3118 trojus
486 3037 617 3110 textum,
642 3033 706 3117 qni,
724 3033 848 3118 propius
863 3032 900 3096 ad
923 3031 1264 3098 Griesbachianam

128 3147 273 3211 accedens
295 3147 452 3227 rationem,
478 3147 606 3212 internis
627 3146 791 3232 plurimum
820 3131 932 3213 tribuit
953 3149 1103 3212 rationum
1130 3168 1264 3212 momen·

128 3261 186 3327 tisl
219 3299 261 3310 -
291 3261 383 3334 Quod
416 3284 506 3348 porro
539 3264 689 3328 dicentem
724 3263 863 3329 andimus
896 3264 1064 3330 Oritioum:
1102 3263 1265 3332 »Classem

29 3427 31 3432 .
130 3378 324 3442 »Asiaticam
346 3378 439 3443 editio
461 3388 582 3463 recepta
604 3381 739 3466 seqnitur
759 3388 787 3443 et
809 3374 1057 3452 Scholsius;’‘
1080 3398 1152 3442 sans
1171 3399 1264 3462 quam

129 3513 266 3557 aversum
296 3492 346 3556 tic
375 3513 408 3556 se
435 3492 596 3577 profitetur
625 3492 663 3558 ab
693 3493 767 3570 int,
801 3514 892 3579 quam
923 3494 1125 3579 ignominiose
1140 3481 1142 3485 ¹
1159 3500 1263 3573 vocat,

128 3608 364 3673 adulterationis
378 3607 641 3701 corruptionisque
656 3607 780 3694 officinm
801 3607 1034 3689 Attenuant,
1051 3613 1112 3672 mm
1128 3609 1266 3674 studiose

127 3722 256 3787 Codices
281 3723 420 3806 seqnitur
449 3722 646 3808 Bpsantinoa,
679 3741 808 3805 quornm
831 3722 857 3785 si
880 3728 995 3806 partem
1026 3727 1158 3808 spectas,
1188 3726 1264 3790 item

128 3835 279 3900 Asiaticos
301 3856 352 3899 eos
382 3835 483 3900 dicere
513 3835 637 3920 poteris.
687 3839 789 3919 Atque
821 3837 954 3920 ejusdem
985 3836 1087 3902 classis
1117 3837 1266 3903 lectiones

127 3949 300 4033 frequenter
323 3970 465 4034 reponere
487 3950 719 4014 Eteevinionom
742 3951 822 4016 inter
844 3972 948 4016 omnes
971 3957 1099 4018 constat.
1144 3952 1204 4017 Vel
1220 3956 1266 4018 sio

127 4070 227 4128 tamen
258 4067 303 4127 tot
331 4063 383 4127 illa
405 4063 480 4128 locis
503 4086 520 4127 a
542 4063 777 4131 Scholziant
800 4066 914 4130 recedit
936 4070 1040 4132 textds
1067 4068 1263 4150 recensione,

125 4232 260 4242 --—-—

162 4326 199 4390 (l)
214 4324 258 4377 Sic
274 4326 361 4392 scripsi
378 4326 679 4392 perspicuitatis-caussa
698 4343 745 4393 pro
758 4330 844 4381 vocab.
864 4330 1016 4390 continentur,
1031 4331 1057 4379 iu
1073 4345 1124 4394 quo
1141 4336 1265 4395 typorum

127 4422 246 4471 mendum
265 4421 342 4470 latere
359 4420 467 4474 videtur.
1018 4422 1023 4426 ’
