<?xml version="1.0" encoding="UTF-8"?>
<!DOCTYPE html PUBLIC "-//W3C//DTD XHTML 1.0 Transitional//EN"
    "http://www.w3.org/TR/xhtml1/DTD/xhtml1-transitional.dtd">
<html xmlns="http://www.w3.org/1999/xhtml" xml:lang="en" lang="en">
 <head>
  <title>
</title>
<meta http-equiv="Content-Type" content="text/html;charset=utf-8" />
  <meta name='ocr-system' content='tesseract 3.04.00' />
  <meta name='ocr-capabilities' content='ocr_page ocr_carea ocr_par ocr_line ocrx_word'/>
</head>
<body>
  <div class='ocr_page' id='page_1' title='image "./chartaetheologi00boumgoog_0429.png"; bbox 0 0 2782 4958; ppageno 0'>
   <div class='ocr_carea' id='block_1_1' title="bbox 207 322 885 386">
    <p class='ocr_par' dir='ltr' id='par_1_1' title="bbox 207 322 885 386">
     <span class='ocr_line' id='line_1_1' title="bbox 207 322 885 386; baseline 0.003 -2"><span class='ocrx_word' id='word_1_1' title='bbox 207 322 273 384; x_wconf 76' lang='lat'><strong>2¹8</strong></span> <span class='ocrx_word' id='word_1_2' title='bbox 647 343 688 386; x_wconf 84' lang='lat' dir='ltr'><strong>ou</strong></span> <span class='ocrx_word' id='word_1_3' title='bbox 709 343 792 386; x_wconf 77' lang='lat' dir='ltr'><strong>erne.</strong></span> <span class='ocrx_word' id='word_1_4' title='bbox 818 343 885 386; x_wconf 80' lang='lat' dir='ltr'><strong>mr.</strong></span> 
     </span>
    </p>
   </div>
   <div class='ocr_carea' id='block_1_2' title="bbox 169 509 1336 4030">
    <p class='ocr_par' dir='ltr' id='par_1_2' title="bbox 195 509 1336 2995">
     <span class='ocr_line' id='line_1_2' title="bbox 205 509 1333 598; baseline 0.004 -24"><span class='ocrx_word' id='word_1_5' title='bbox 205 509 304 596; x_wconf 85' lang='lat' dir='ltr'><strong>logos,</strong></span> <span class='ocrx_word' id='word_1_6' title='bbox 335 510 402 593; x_wconf 94' lang='lat' dir='ltr'><strong>qui,</strong></span> <span class='ocrx_word' id='word_1_7' title='bbox 434 512 489 574; x_wconf 75' lang='lat' dir='ltr'><strong>sud</strong></span> <span class='ocrx_word' id='word_1_8' title='bbox 511 509 638 594; x_wconf 89' lang='lat' dir='ltr'><strong>quisque</strong></span> <span class='ocrx_word' id='word_1_9' title='bbox 669 509 776 597; x_wconf 75' lang='lat' dir='ltr'><strong>lingui</strong></span> <span class='ocrx_word' id='word_1_10' title='bbox 798 510 970 589; x_wconf 76' lang='lat' dir='ltr'><strong>vernaculi,</strong></span> <span class='ocrx_word' id='word_1_11' title='bbox 995 511 1187 578; x_wconf 79' lang='lat' dir='ltr'><strong>subtiliorem</strong></span> <span class='ocrx_word' id='word_1_12' title='bbox 1211 513 1333 598; x_wconf 79' lang='lat' dir='ltr'><strong>aliquam</strong></span> 
     </span>
     <span class='ocr_line' id='line_1_3' title="bbox 206 624 1334 709; baseline 0.005 -20"><span class='ocrx_word' id='word_1_13' title='bbox 206 624 359 689; x_wconf 90' lang='lat' dir='ltr'><strong>doetrinae</strong></span> <span class='ocrx_word' id='word_1_14' title='bbox 389 627 506 688; x_wconf 89' lang='lat' dir='ltr'><strong>nostrae</strong></span> <span class='ocrx_word' id='word_1_15' title='bbox 536 629 650 709; x_wconf 84' lang='lat' dir='ltr'><strong>partem</strong></span> <span class='ocrx_word' id='word_1_16' title='bbox 681 645 828 709; x_wconf 84' lang='lat' dir='ltr'><strong>exponere</strong></span> <span class='ocrx_word' id='word_1_17' title='bbox 860 625 1033 694; x_wconf 85' lang='lat' dir='ltr'><strong>instituant.</strong></span> <span class='ocrx_word' id='word_1_18' title='bbox 1082 633 1142 696; x_wconf 91' lang='lat' dir='ltr'><strong>Nee</strong></span> <span class='ocrx_word' id='word_1_19' title='bbox 1169 653 1237 696; x_wconf 87' lang='lat' dir='ltr'><strong>rero</strong></span> <span class='ocrx_word' id='word_1_20' title='bbox 1260 632 1334 696; x_wconf 89' lang='lat' dir='ltr'><strong>enim</strong></span> 
     </span>
     <span class='ocr_line' id='line_1_4' title="bbox 205 738 1332 827; baseline 0.004 -23"><span class='ocrx_word' id='word_1_21' title='bbox 205 738 281 804; x_wconf 90' lang='lat' dir='ltr'><strong>mihi</strong></span> <span class='ocrx_word' id='word_1_22' title='bbox 303 739 538 814; x_wconf 70' lang='lat' dir='ltr'><strong>movemini,</strong></span> <span class='ocrx_word' id='word_1_23' title='bbox 572 738 819 802; x_wconf 85' lang='lat' dir='ltr'><strong>commentarium</strong></span> <span class='ocrx_word' id='word_1_24' title='bbox 849 744 903 804; x_wconf 88' lang='lat' dir='ltr'><strong>aut</strong></span> <span class='ocrx_word' id='word_1_25' title='bbox 931 739 1024 808; x_wconf 86' lang='lat' dir='ltr'><strong>alium</strong></span> <span class='ocrx_word' id='word_1_26' title='bbox 1052 746 1192 827; x_wconf 85' lang='lat' dir='ltr'><strong>quemvis</strong></span> <span class='ocrx_word' id='word_1_27' title='bbox 1215 744 1332 826; x_wconf 91' lang='lat' dir='ltr'><strong>librum,</strong></span> 
     </span>
     <span class='ocr_line' id='line_1_5' title="bbox 202 852 1335 944; baseline 0.001 -21"><span class='ocrx_word' id='word_1_28' title='bbox 202 855 242 924; x_wconf 75' lang='lat' dir='ltr'><strong>‚ed</strong></span> <span class='ocrx_word' id='word_1_29' title='bbox 274 855 308 921; x_wconf 87' lang='lat' dir='ltr'><strong>C.</strong></span> <span class='ocrx_word' id='word_1_30' title='bbox 342 855 372 919; x_wconf 89' lang='lat' dir='ltr'><strong>S.</strong></span> <span class='ocrx_word' id='word_1_31' title='bbox 406 852 637 918; x_wconf 81' lang='lat' dir='ltr'><strong>illustrationem</strong></span> <span class='ocrx_word' id='word_1_32' title='bbox 667 852 878 937; x_wconf 89' lang='lat' dir='ltr'><strong>compositum,</strong></span> <span class='ocrx_word' id='word_1_33' title='bbox 910 852 1105 940; x_wconf 76' lang='lat' dir='ltr'><strong>lustraturus,</strong></span> <span class='ocrx_word' id='word_1_34' title='bbox 1137 859 1240 943; x_wconf 88' lang='lat' dir='ltr'><strong>primo</strong></span> <span class='ocrx_word' id='word_1_35' title='bbox 1276 860 1335 944; x_wconf 87' lang='lat' dir='ltr'><strong>ejus</strong></span> 
     </span>
     <span class='ocr_line' id='line_1_6' title="bbox 203 966 1336 1058; baseline 0.002 -23"><span class='ocrx_word' id='word_1_36' title='bbox 203 969 347 1054; x_wconf 85' lang='lat' dir='ltr'><strong>adspectu</strong></span> <span class='ocrx_word' id='word_1_37' title='bbox 360 967 439 1032; x_wconf 89' lang='lat' dir='ltr'><strong>sitne</strong></span> <span class='ocrx_word' id='word_1_38' title='bbox 455 967 626 1032; x_wconf 84' lang='lat' dir='ltr'><strong>Germaniae</strong></span> <span class='ocrx_word' id='word_1_39' title='bbox 648 972 701 1032; x_wconf 86' lang='lat' dir='ltr'><strong>out</strong></span> <span class='ocrx_word' id='word_1_40' title='bbox 723 966 948 1045; x_wconf 87' lang='lat' dir='ltr'><strong>Nederleudiee,</strong></span> <span class='ocrx_word' id='word_1_41' title='bbox 972 991 1010 1034; x_wconf 91' lang='lat' dir='ltr'><strong>an</strong></span> <span class='ocrx_word' id='word_1_42' title='bbox 1033 992 1106 1037; x_wconf 88' lang='lat' dir='ltr'><strong>vero</strong></span> <span class='ocrx_word' id='word_1_43' title='bbox 1128 973 1235 1037; x_wconf 78' lang='lat' dir='ltr'><strong>Latine</strong></span> <span class='ocrx_word' id='word_1_44' title='bbox 1248 973 1336 1058; x_wconf 88' lang='lat' dir='ltr'><strong>serip-</strong></span> 
     </span>
     <span class='ocr_line' id='line_1_7' title="bbox 202 1082 1335 1171; baseline -0.002 -19"><span class='ocrx_word' id='word_1_45' title='bbox 202 1090 254 1152; x_wconf 90' lang='lat' dir='ltr'><strong>tus</strong></span> <span class='ocrx_word' id='word_1_46' title='bbox 281 1082 382 1170; x_wconf 89' lang='lat' dir='ltr'><strong>paullo</strong></span> <span class='ocrx_word' id='word_1_47' title='bbox 412 1083 555 1147; x_wconf 82' lang='lat' dir='ltr'><strong>incertior</strong></span> <span class='ocrx_word' id='word_1_48' title='bbox 587 1082 734 1147; x_wconf 76' lang='lat' dir='ltr'><strong>haeream.</strong></span> <span class='ocrx_word' id='word_1_49' title='bbox 779 1083 860 1148; x_wconf 79' lang='lat' dir='ltr'><strong>Adeo</strong></span> <span class='ocrx_word' id='word_1_50' title='bbox 888 1083 984 1149; x_wconf 91' lang='lat' dir='ltr'><strong>multa</strong></span> <span class='ocrx_word' id='word_1_51' title='bbox 1007 1105 1069 1148; x_wconf 89' lang='lat' dir='ltr'><strong>non</strong></span> <span class='ocrx_word' id='word_1_52' title='bbox 1092 1085 1217 1171; x_wconf 85' lang='lat' dir='ltr'><strong>singula</strong></span> <span class='ocrx_word' id='word_1_53' title='bbox 1241 1085 1335 1150; x_wconf 88' lang='lat' dir='ltr'><strong>solum</strong></span> 
     </span>
     <span class='ocr_line' id='line_1_8' title="bbox 202 1195 1334 1284; baseline 0.002 -20"><span class='ocrx_word' id='word_1_54' title='bbox 202 1198 247 1264; x_wconf 91' lang='lat' dir='ltr'><strong>ibi</strong></span> <span class='ocrx_word' id='word_1_55' title='bbox 266 1220 315 1262; x_wconf 92' lang='lat' dir='ltr'><strong>me</strong></span> <span class='ocrx_word' id='word_1_56' title='bbox 336 1196 469 1263; x_wconf 88' lang='lat' dir='ltr'><strong>obruunt</strong></span> <span class='ocrx_word' id='word_1_57' title='bbox 491 1195 648 1272; x_wconf 86' lang='lat' dir='ltr'><strong>voeabula,</strong></span> <span class='ocrx_word' id='word_1_58' title='bbox 664 1196 717 1262; x_wconf 92' lang='lat' dir='ltr'><strong>sed</strong></span> <span class='ocrx_word' id='word_1_59' title='bbox 739 1197 895 1263; x_wconf 86' lang='lat' dir='ltr'><strong>enuntiata</strong></span> <span class='ocrx_word' id='word_1_60' title='bbox 912 1199 1016 1281; x_wconf 89' lang='lat' dir='ltr'><strong>etiam,</strong></span> <span class='ocrx_word' id='word_1_61' title='bbox 1037 1220 1113 1284; x_wconf 90' lang='lat' dir='ltr'><strong>quae</strong></span> <span class='ocrx_word' id='word_1_62' title='bbox 1135 1201 1334 1266; x_wconf 85' lang='lat' dir='ltr'><strong>Romanorum</strong></span> 
     </span>
     <span class='ocr_line' id='line_1_9' title="bbox 203 1310 1335 1400; baseline 0.002 -23"><span class='ocrx_word' id='word_1_63' title='bbox 203 1313 318 1400; x_wconf 89' lang='lat' dir='ltr'><strong>potius,</strong></span> <span class='ocrx_word' id='word_1_64' title='bbox 349 1333 440 1396; x_wconf 88' lang='lat' dir='ltr'><strong>quem</strong></span> <span class='ocrx_word' id='word_1_65' title='bbox 471 1312 609 1376; x_wconf 80' lang='lat' dir='ltr'><strong>Auctoris</strong></span> <span class='ocrx_word' id='word_1_66' title='bbox 638 1311 750 1376; x_wconf 91' lang='lat' dir='ltr'><strong>eivium</strong></span> <span class='ocrx_word' id='word_1_67' title='bbox 782 1310 947 1389; x_wconf 83' lang='lat' dir='ltr'><strong>redoleant,</strong></span> <span class='ocrx_word' id='word_1_68' title='bbox 978 1313 1071 1378; x_wconf 89' lang='lat' dir='ltr'><strong>immo</strong></span> <span class='ocrx_word' id='word_1_69' title='bbox 1097 1312 1231 1378; x_wconf 86' lang='lat' dir='ltr'><strong>subinde</strong></span> <span class='ocrx_word' id='word_1_70' title='bbox 1252 1313 1335 1399; x_wconf 87' lang='lat' dir='ltr'><strong>plane</strong></span> 
     </span>
     <span class='ocr_line' id='line_1_10' title="bbox 203 1416 1336 1514; baseline 0 -21"><span class='ocrx_word' id='word_1_71' title='bbox 203 1428 345 1508; x_wconf 86' lang='lat' dir='ltr'><strong>referant,</strong></span> <span class='ocrx_word' id='word_1_72' title='bbox 368 1447 548 1491; x_wconf 87' lang='lat' dir='ltr'><strong>sermonem.</strong></span> <span class='ocrx_word' id='word_1_73' title='bbox 597 1425 684 1501; x_wconf 82' lang='lat' dir='ltr'><strong>Quod</strong></span> <span class='ocrx_word' id='word_1_74' title='bbox 713 1424 842 1490; x_wconf 88' lang='lat' dir='ltr'><strong>subinde</strong></span> <span class='ocrx_word' id='word_1_75' title='bbox 864 1426 1012 1510; x_wconf 88' lang='lat' dir='ltr'><strong>ejusmodi</strong></span> <span class='ocrx_word' id='word_1_76' title='bbox 1041 1432 1100 1504; x_wconf 88' lang='lat' dir='ltr'><strong>est,</strong></span> <span class='ocrx_word' id='word_1_77' title='bbox 1132 1416 1172 1492; x_wconf 83' lang='lat' dir='ltr'><strong>ut</strong></span> <span class='ocrx_word' id='word_1_78' title='bbox 1204 1428 1336 1514; x_wconf 77' lang='lat' dir='ltr'><strong>neglecta</strong></span> 
     </span>
     <span class='ocr_line' id='line_1_11' title="bbox 204 1538 1333 1630; baseline 0.004 -24"><span class='ocrx_word' id='word_1_79' title='bbox 204 1541 256 1606; x_wconf 88' lang='lat' dir='ltr'><strong>illa</strong></span> <span class='ocrx_word' id='word_1_80' title='bbox 281 1562 316 1606; x_wconf 86' lang='lat' dir='ltr'><strong>ae</strong></span> <span class='ocrx_word' id='word_1_81' title='bbox 344 1544 495 1605; x_wconf 81' lang='lat' dir='ltr'><strong>contemta</strong></span> <span class='ocrx_word' id='word_1_82' title='bbox 516 1540 733 1624; x_wconf 84' lang='lat' dir='ltr'><strong>vituperatores</strong></span> <span class='ocrx_word' id='word_1_83' title='bbox 761 1538 868 1604; x_wconf 87' lang='lat' dir='ltr'><strong>uleisei</strong></span> <span class='ocrx_word' id='word_1_84' title='bbox 891 1539 1020 1606; x_wconf 86' lang='lat' dir='ltr'><strong>voluisse</strong></span> <span class='ocrx_word' id='word_1_85' title='bbox 1048 1541 1157 1630; x_wconf 86' lang='lat' dir='ltr'><strong>lingna</strong></span> <span class='ocrx_word' id='word_1_86' title='bbox 1187 1545 1333 1623; x_wconf 81' lang='lat' dir='ltr'><strong>videatur3</strong></span> 
     </span>
     <span class='ocr_line' id='line_1_12' title="bbox 204 1651 1335 1742; baseline 0.004 -21"><span class='ocrx_word' id='word_1_87' title='bbox 204 1659 266 1740; x_wconf 70' lang='lat' dir='ltr'><strong>qut</strong></span> <span class='ocrx_word' id='word_1_88' title='bbox 295 1676 402 1740; x_wconf 88' lang='lat' dir='ltr'><strong>nempe</strong></span> <span class='ocrx_word' id='word_1_89' title='bbox 430 1675 469 1718; x_wconf 90' lang='lat' dir='ltr'><strong>ue</strong></span> <span class='ocrx_word' id='word_1_90' title='bbox 498 1651 544 1717; x_wconf 92' lang='lat' dir='ltr'><strong>illi</strong></span> <span class='ocrx_word' id='word_1_91' title='bbox 575 1654 710 1736; x_wconf 90' lang='lat' dir='ltr'><strong>quidem,</strong></span> <span class='ocrx_word' id='word_1_92' title='bbox 740 1655 794 1738; x_wconf 90' lang='lat' dir='ltr'><strong>qui</strong></span> <span class='ocrx_word' id='word_1_93' title='bbox 823 1654 952 1718; x_wconf 86' lang='lat' dir='ltr'><strong>maxime</strong></span> <span class='ocrx_word' id='word_1_94' title='bbox 982 1655 1091 1739; x_wconf 83' lang='lat' dir='ltr'><strong>velint,</strong></span> <span class='ocrx_word' id='word_1_95' title='bbox 1122 1655 1214 1742; x_wconf 86' lang='lat' dir='ltr'><strong>plane</strong></span> <span class='ocrx_word' id='word_1_96' title='bbox 1241 1679 1335 1726; x_wconf 81' lang='lat' dir='ltr'><strong>carere</strong></span> 
     </span>
     <span class='ocr_line' id='line_1_13' title="bbox 203 1766 1333 1855; baseline 0.004 -22"><span class='ocrx_word' id='word_1_97' title='bbox 203 1769 320 1855; x_wconf 90' lang='lat' dir='ltr'><strong>possint</strong></span> <span class='ocrx_word' id='word_1_98' title='bbox 341 1766 512 1834; x_wconf 87' lang='lat' dir='ltr'><strong>adversarii.</strong></span> <span class='ocrx_word' id='word_1_99' title='bbox 534 1769 656 1832; x_wconf 90' lang='lat' dir='ltr'><strong>-Non</strong></span> <span class='ocrx_word' id='word_1_100' title='bbox 679 1768 771 1832; x_wconf 90' lang='lat' dir='ltr'><strong>nimis</strong></span> <span class='ocrx_word' id='word_1_101' title='bbox 791 1768 879 1833; x_wconf 86' lang='lat' dir='ltr'><strong>iaeile</strong></span> <span class='ocrx_word' id='word_1_102' title='bbox 902 1791 1028 1854; x_wconf 87' lang='lat' dir='ltr'><strong>pensum</strong></span> <span class='ocrx_word' id='word_1_103' title='bbox 1050 1771 1103 1850; x_wconf 91' lang='lat' dir='ltr'><strong>sit,</strong></span> <span class='ocrx_word' id='word_1_104' title='bbox 1123 1770 1223 1837; x_wconf 80' lang='lat' dir='ltr'><strong>fateor</strong></span> <span class='ocrx_word' id='word_1_105' title='bbox 1243 1775 1333 1850; x_wconf 90' lang='lat' dir='ltr'><strong>euim,</strong></span> 
     </span>
     <span class='ocr_line' id='line_1_14' title="bbox 203 1881 1334 1971; baseline 0.002 -21"><span class='ocrx_word' id='word_1_106' title='bbox 203 1883 438 1971; x_wconf 81' lang='lat' dir='ltr'><strong>disputationem</strong></span> <span class='ocrx_word' id='word_1_107' title='bbox 457 1881 561 1946; x_wconf 86' lang='lat' dir='ltr'><strong>Latine</strong></span> <span class='ocrx_word' id='word_1_108' title='bbox 584 1881 741 1963; x_wconf 86' lang='lat' dir='ltr'><strong>vertendi,</strong></span> <span class='ocrx_word' id='word_1_109' title='bbox 759 1903 834 1966; x_wconf 89' lang='lat' dir='ltr'><strong>quae</strong></span> <span class='ocrx_word' id='word_1_110' title='bbox 856 1883 1060 1948; x_wconf 72' lang='lat' dir='ltr'><strong>remotissimi</strong></span> <span class='ocrx_word' id='word_1_111' title='bbox 1080 1885 1118 1948; x_wconf 89' lang='lat' dir='ltr'><strong>de</strong></span> <span class='ocrx_word' id='word_1_112' title='bbox 1142 1884 1334 1971; x_wconf 80' lang='lat' dir='ltr'><strong>Philosophia</strong></span> 
     </span>
     <span class='ocr_line' id='line_1_15' title="bbox 202 1995 1335 2084; baseline -0.001 -18"><span class='ocrx_word' id='word_1_113' title='bbox 202 2005 256 2066; x_wconf 89' lang='lat' dir='ltr'><strong>aut</strong></span> <span class='ocrx_word' id='word_1_114' title='bbox 278 1998 462 2084; x_wconf 71' lang='lat' dir='ltr'><strong>theologii,</strong></span> <span class='ocrx_word' id='word_1_115' title='bbox 495 2017 584 2080; x_wconf 88' lang='lat' dir='ltr'><strong>quam</strong></span> <span class='ocrx_word' id='word_1_116' title='bbox 614 1995 826 2076; x_wconf 74' lang='lat' dir='ltr'><strong>speculativam</strong></span> <span class='ocrx_word' id='word_1_117' title='bbox 848 2004 976 2075; x_wconf 86' lang='lat' dir='ltr'><strong>voeant,</strong></span> <span class='ocrx_word' id='word_1_118' title='bbox 1009 1998 1183 2064; x_wconf 82' lang='lat' dir='ltr'><strong>Germanice</strong></span> <span class='ocrx_word' id='word_1_119' title='bbox 1204 2001 1248 2065; x_wconf 89' lang='lat' dir='ltr'><strong>sit</strong></span> <span class='ocrx_word' id='word_1_120' title='bbox 1269 2023 1335 2065; x_wconf 88' lang='lat' dir='ltr'><strong>eou-</strong></span> 
     </span>
     <span class='ocr_line' id='line_1_16' title="bbox 202 2110 1335 2199; baseline 0.001 -19"><span class='ocrx_word' id='word_1_121' title='bbox 202 2115 325 2199; x_wconf 87' lang='lat' dir='ltr'><strong>seripta;</strong></span> <span class='ocrx_word' id='word_1_122' title='bbox 349 2118 439 2196; x_wconf 87' lang='lat' dir='ltr'><strong>atque</strong></span> <span class='ocrx_word' id='word_1_123' title='bbox 462 2110 520 2176; x_wconf 91' lang='lat' dir='ltr'><strong>hee</strong></span> <span class='ocrx_word' id='word_1_124' title='bbox 542 2131 580 2175; x_wconf 91' lang='lat' dir='ltr'><strong>ne</strong></span> <span class='ocrx_word' id='word_1_125' title='bbox 603 2110 669 2176; x_wconf 90' lang='lat' dir='ltr'><strong>fieri</strong></span> <span class='ocrx_word' id='word_1_126' title='bbox 691 2110 812 2194; x_wconf 90' lang='lat' dir='ltr'><strong>quidem</strong></span> <span class='ocrx_word' id='word_1_127' title='bbox 835 2113 942 2196; x_wconf 84' lang='lat' dir='ltr'><strong>possit,</strong></span> <span class='ocrx_word' id='word_1_128' title='bbox 967 2112 1025 2177; x_wconf 91' lang='lat' dir='ltr'><strong>nisi</strong></span> <span class='ocrx_word' id='word_1_129' title='bbox 1047 2111 1189 2198; x_wconf 88' lang='lat' dir='ltr'><strong>pluribus</strong></span> <span class='ocrx_word' id='word_1_130' title='bbox 1213 2117 1335 2180; x_wconf 87' lang='lat' dir='ltr'><strong>retentis</strong></span> 
     </span>
     <span class='ocr_line' id='line_1_17' title="bbox 203 2224 1331 2314; baseline -0.001 -20"><span class='ocrx_word' id='word_1_131' title='bbox 203 2231 365 2313; x_wconf 70' lang='lat' dir='ltr'><strong>nostrique</strong></span> <span class='ocrx_word' id='word_1_132' title='bbox 399 2226 533 2292; x_wconf 91' lang='lat' dir='ltr'><strong>oratione</strong></span> <span class='ocrx_word' id='word_1_133' title='bbox 566 2225 705 2310; x_wconf 87' lang='lat' dir='ltr'><strong>repositis</strong></span> <span class='ocrx_word' id='word_1_134' title='bbox 738 2224 838 2290; x_wconf 90' lang='lat' dir='ltr'><strong>verbis</strong></span> <span class='ocrx_word' id='word_1_135' title='bbox 871 2226 1006 2290; x_wconf 67' lang='lat' dir='ltr'><strong>novitiis·</strong></span> <span class='ocrx_word' id='word_1_136' title='bbox 1065 2225 1149 2291; x_wconf 88' lang='lat' dir='ltr'><strong>Nihil</strong></span> <span class='ocrx_word' id='word_1_137' title='bbox 1183 2228 1331 2314; x_wconf 89' lang='lat' dir='ltr'><strong>impedio:</strong></span> 
     </span>
     <span class='ocr_line' id='line_1_18' title="bbox 201 2339 1333 2429; baseline 0.001 -21"><span class='ocrx_word' id='word_1_138' title='bbox 201 2365 289 2429; x_wconf 90' lang='lat' dir='ltr'><strong>saepe</strong></span> <span class='ocrx_word' id='word_1_139' title='bbox 311 2342 393 2408; x_wconf 89' lang='lat' dir='ltr'><strong>enim</strong></span> <span class='ocrx_word' id='word_1_140' title='bbox 415 2339 595 2406; x_wconf 80' lang='lat' dir='ltr'><strong>Auditorum</strong></span> <span class='ocrx_word' id='word_1_141' title='bbox 618 2341 652 2404; x_wconf 92' lang='lat' dir='ltr'><strong>iu</strong></span> <span class='ocrx_word' id='word_1_142' title='bbox 673 2340 801 2426; x_wconf 85' lang='lat' dir='ltr'><strong>gretiam</strong></span> <span class='ocrx_word' id='word_1_143' title='bbox 824 2340 868 2404; x_wconf 91' lang='lat' dir='ltr'><strong>rei</strong></span> <span class='ocrx_word' id='word_1_144' title='bbox 890 2340 1137 2426; x_wconf 61' lang='lat' dir='ltr'><strong>periculosam,</strong></span> <span class='ocrx_word' id='word_1_145' title='bbox 1167 2342 1333 2426; x_wconf 84' lang='lat' dir='ltr'><strong>eujusmodi</strong></span> 
     </span>
     <span class='ocr_line' id='line_1_19' title="bbox 201 2453 1333 2543; baseline -0.004 -18"><span class='ocrx_word' id='word_1_146' title='bbox 201 2481 235 2525; x_wconf 90' lang='lat' dir='ltr'><strong>ea</strong></span> <span class='ocrx_word' id='word_1_147' title='bbox 256 2458 296 2521; x_wconf 89' lang='lat' dir='ltr'><strong>sit</strong></span> <span class='ocrx_word' id='word_1_148' title='bbox 318 2460 460 2543; x_wconf 85' lang='lat' dir='ltr'><strong>expertus</strong></span> <span class='ocrx_word' id='word_1_149' title='bbox 482 2476 550 2519; x_wconf 88' lang='lat' dir='ltr'><strong>suro</strong></span> <span class='ocrx_word' id='word_1_150' title='bbox 572 2455 648 2540; x_wconf 71' lang='lat' dir='ltr'><strong>ipse·</strong></span> <span class='ocrx_word' id='word_1_151' title='bbox 684 2457 790 2518; x_wconf 84' lang='lat' dir='ltr'><strong>Verum</strong></span> <span class='ocrx_word' id='word_1_152' title='bbox 813 2458 879 2520; x_wconf 88' lang='lat' dir='ltr'><strong>tum</strong></span> <span class='ocrx_word' id='word_1_153' title='bbox 902 2455 1024 2520; x_wconf 91' lang='lat' dir='ltr'><strong>demum</strong></span> <span class='ocrx_word' id='word_1_154' title='bbox 1039 2454 1097 2519; x_wconf 92' lang='lat' dir='ltr'><strong>boe</strong></span> <span class='ocrx_word' id='word_1_155' title='bbox 1119 2453 1199 2520; x_wconf 91' lang='lat' dir='ltr'><strong>mihi</strong></span> <span class='ocrx_word' id='word_1_156' title='bbox 1212 2456 1333 2542; x_wconf 78' lang='lat' dir='ltr'><strong>objicias</strong></span> 
     </span>
     <span class='ocr_line' id='line_1_20' title="bbox 198 2567 1329 2655; baseline -0.003 -17"><span class='ocrx_word' id='word_1_157' title='bbox 198 2572 309 2654; x_wconf 90' lang='lat' dir='ltr'><strong>velim,</strong></span> <span class='ocrx_word' id='word_1_158' title='bbox 337 2570 514 2655; x_wconf 84' lang='lat' dir='ltr'><strong>aequissime</strong></span> <span class='ocrx_word' id='word_1_159' title='bbox 536 2571 653 2634; x_wconf 88' lang='lat' dir='ltr'><strong>Leetor!</strong></span> <span class='ocrx_word' id='word_1_160' title='bbox 683 2568 709 2632; x_wconf 89' lang='lat' dir='ltr'><strong>si</strong></span> <span class='ocrx_word' id='word_1_161' title='bbox 732 2568 805 2644; x_wconf 87' lang='lat' dir='ltr'><strong>tibi,</strong></span> <span class='ocrx_word' id='word_1_162' title='bbox 828 2569 953 2634; x_wconf 89' lang='lat' dir='ltr'><strong>eandem</strong></span> <span class='ocrx_word' id='word_1_163' title='bbox 983 2567 1066 2634; x_wconf 89' lang='lat' dir='ltr'><strong>illam</strong></span> <span class='ocrx_word' id='word_1_164' title='bbox 1096 2568 1329 2655; x_wconf 73' lang='lat' dir='ltr'><strong>disputationem</strong></span> 
     </span>
     <span class='ocr_line' id='line_1_21' title="bbox 197 2681 1326 2768; baseline -0.001 -16"><span class='ocrx_word' id='word_1_165' title='bbox 197 2688 240 2752; x_wconf 91' lang='lat' dir='ltr'><strong>ita</strong></span> <span class='ocrx_word' id='word_1_166' title='bbox 262 2685 483 2750; x_wconf 78' lang='lat' dir='ltr'><strong>Nederteadioe</strong></span> <span class='ocrx_word' id='word_1_167' title='bbox 503 2682 627 2747; x_wconf 90' lang='lat' dir='ltr'><strong>reddere</strong></span> <span class='ocrx_word' id='word_1_168' title='bbox 649 2687 768 2762; x_wconf 89' lang='lat' dir='ltr'><strong>oouato,</strong></span> <span class='ocrx_word' id='word_1_169' title='bbox 791 2688 827 2747; x_wconf 93' lang='lat' dir='ltr'><strong>ut</strong></span> <span class='ocrx_word' id='word_1_170' title='bbox 848 2681 1043 2768; x_wconf 89' lang='lat' dir='ltr'><strong>puleberrimi</strong></span> <span class='ocrx_word' id='word_1_171' title='bbox 1066 2685 1163 2749; x_wconf 89' lang='lat' dir='ltr'><strong>nostri</strong></span> <span class='ocrx_word' id='word_1_172' title='bbox 1186 2687 1326 2751; x_wconf 87' lang='lat' dir='ltr'><strong>sermonis</strong></span> 
     </span>
     <span class='ocr_line' id='line_1_22' title="bbox 195 2795 1327 2886; baseline 0.001 -22"><span class='ocrx_word' id='word_1_173' title='bbox 195 2798 373 2886; x_wconf 88' lang='lat' dir='ltr'><strong>proprietati</strong></span> <span class='ocrx_word' id='word_1_174' title='bbox 403 2796 541 2863; x_wconf 85' lang='lat' dir='ltr'><strong>eonsules</strong></span> <span class='ocrx_word' id='word_1_175' title='bbox 571 2817 605 2860; x_wconf 88' lang='lat' dir='ltr'><strong>ae</strong></span> <span class='ocrx_word' id='word_1_176' title='bbox 627 2795 773 2881; x_wconf 88' lang='lat' dir='ltr'><strong>puritati,</strong></span> <span class='ocrx_word' id='word_1_177' title='bbox 803 2818 873 2862; x_wconf 90' lang='lat' dir='ltr'><strong>eum</strong></span> <span class='ocrx_word' id='word_1_178' title='bbox 904 2796 1072 2864; x_wconf 87' lang='lat' dir='ltr'><strong>minoribus</strong></span> <span class='ocrx_word' id='word_1_179' title='bbox 1094 2800 1327 2866; x_wconf 81' lang='lat' dir='ltr'><strong>eouflietandum</strong></span> 
     </span>
     <span class='ocr_line' id='line_1_23' title="bbox 197 2909 846 2995; baseline -0.006 -15"><span class='ocrx_word' id='word_1_180' title='bbox 197 2914 290 2980; x_wconf 88' lang='lat' dir='ltr'><strong>fuerit</strong></span> <span class='ocrx_word' id='word_1_181' title='bbox 312 2910 541 2976; x_wconf 83' lang='lat' dir='ltr'><strong>difficultatibus</strong></span> <span class='ocrx_word' id='word_1_182' title='bbox 563 2915 651 2995; x_wconf 91' lang='lat' dir='ltr'><strong>atque</strong></span> <span class='ocrx_word' id='word_1_183' title='bbox 674 2909 846 2976; x_wconf 84' lang='lat' dir='ltr'><strong>obstaculis.</strong></span> 
     </span>
    </p>

    <p class='ocr_par' dir='ltr' id='par_1_3' title="bbox 169 3026 1327 4030">
     <span class='ocr_line' id='line_1_24' title="bbox 242 3026 1327 3116; baseline 0.001 -23"><span class='ocrx_word' id='word_1_184' title='bbox 242 3030 304 3093; x_wconf 90' lang='lat' dir='ltr'><strong>Nee</strong></span> <span class='ocrx_word' id='word_1_185' title='bbox 326 3049 397 3093; x_wconf 88' lang='lat' dir='ltr'><strong>vero</strong></span> <span class='ocrx_word' id='word_1_186' title='bbox 419 3026 614 3092; x_wconf 89' lang='lat' dir='ltr'><strong>metuendum</strong></span> <span class='ocrx_word' id='word_1_187' title='bbox 642 3026 730 3092; x_wconf 90' lang='lat' dir='ltr'><strong>nobis</strong></span> <span class='ocrx_word' id='word_1_188' title='bbox 752 3032 796 3092; x_wconf 88' lang='lat' dir='ltr'><strong>est</strong></span> <span class='ocrx_word' id='word_1_189' title='bbox 818 3048 870 3108; x_wconf 90' lang='lat' dir='ltr'><strong>ne,</strong></span> <span class='ocrx_word' id='word_1_190' title='bbox 902 3047 955 3110; x_wconf 89' lang='lat' dir='ltr'><strong>per</strong></span> <span class='ocrx_word' id='word_1_191' title='bbox 976 3026 1100 3104; x_wconf 82' lang='lat' dir='ltr'><strong>adscite,</strong></span> <span class='ocrx_word' id='word_1_192' title='bbox 1132 3028 1234 3096; x_wconf 86' lang='lat' dir='ltr'><strong>sicubi</strong></span> <span class='ocrx_word' id='word_1_193' title='bbox 1258 3052 1327 3116; x_wconf 90' lang='lat' dir='ltr'><strong>opus</strong></span> 
     </span>
     <span class='ocr_line' id='line_1_25' title="bbox 196 3125 1326 3229; baseline 0.002 -21"><span class='ocrx_word' id='word_1_194' title='bbox 196 3125 254 3225; x_wconf 87' lang='lat' dir='ltr'><strong>esi,</strong></span> <span class='ocrx_word' id='word_1_195' title='bbox 285 3141 441 3229; x_wconf 87' lang='lat' dir='ltr'><strong>peregrina</strong></span> <span class='ocrx_word' id='word_1_196' title='bbox 471 3141 616 3225; x_wconf 87' lang='lat' dir='ltr'><strong>quaedem</strong></span> <span class='ocrx_word' id='word_1_197' title='bbox 642 3163 676 3207; x_wconf 89' lang='lat' dir='ltr'><strong>ae</strong></span> <span class='ocrx_word' id='word_1_198' title='bbox 705 3141 870 3206; x_wconf 83' lang='lat' dir='ltr'><strong>recentiora</strong></span> <span class='ocrx_word' id='word_1_199' title='bbox 896 3140 1052 3215; x_wconf 83' lang='lat' dir='ltr'><strong>voeabula,</strong></span> <span class='ocrx_word' id='word_1_200' title='bbox 1088 3142 1177 3227; x_wconf 90' lang='lat' dir='ltr'><strong>plane</strong></span> <span class='ocrx_word' id='word_1_201' title='bbox 1210 3146 1326 3210; x_wconf 82' lang='lat' dir='ltr'><strong>infieea</strong></span> 
     </span>
     <span class='ocr_line' id='line_1_26' title="bbox 196 3255 1326 3342; baseline 0 -19"><span class='ocrx_word' id='word_1_202' title='bbox 196 3258 339 3323; x_wconf 88' lang='lat' dir='ltr'><strong>reddetur</strong></span> <span class='ocrx_word' id='word_1_203' title='bbox 362 3278 396 3322; x_wconf 88' lang='lat' dir='ltr'><strong>ae</strong></span> <span class='ocrx_word' id='word_1_204' title='bbox 419 3256 543 3322; x_wconf 87' lang='lat' dir='ltr'><strong>barbare</strong></span> <span class='ocrx_word' id='word_1_205' title='bbox 564 3256 736 3341; x_wconf 81' lang='lat' dir='ltr'><strong>theologico</strong></span> <span class='ocrx_word' id='word_1_206' title='bbox 759 3277 940 3340; x_wconf 87' lang='lat' dir='ltr'><strong>quoeunque</strong></span> <span class='ocrx_word' id='word_1_207' title='bbox 966 3255 1003 3320; x_wconf 92' lang='lat' dir='ltr'><strong>de</strong></span> <span class='ocrx_word' id='word_1_208' title='bbox 1025 3262 1206 3342; x_wconf 80' lang='lat' dir='ltr'><strong>argumento</strong></span> <span class='ocrx_word' id='word_1_209' title='bbox 1229 3259 1326 3323; x_wconf 86' lang='lat' dir='ltr'><strong>Latine</strong></span> 
     </span>
     <span class='ocr_line' id='line_1_27' title="bbox 169 3357 1326 3456; baseline 0 -20"><span class='ocrx_word' id='word_1_210' title='bbox 169 3357 171 3362; x_wconf 42' lang='grc'>’</span> <span class='ocrx_word' id='word_1_211' title='bbox 197 3373 307 3456; x_wconf 80' lang='lat' dir='ltr'><strong>scripte</strong></span> <span class='ocrx_word' id='word_1_212' title='bbox 331 3377 432 3437; x_wconf 87' lang='lat' dir='ltr'><strong>nostra</strong></span> <span class='ocrx_word' id='word_1_213' title='bbox 454 3372 676 3436; x_wconf 85' lang='lat' dir='ltr'><strong>commentatio.</strong></span> <span class='ocrx_word' id='word_1_214' title='bbox 723 3370 874 3436; x_wconf 88' lang='lat' dir='ltr'><strong>Sermonis</strong></span> <span class='ocrx_word' id='word_1_215' title='bbox 903 3371 985 3434; x_wconf 91' lang='lat' dir='ltr'><strong>enim</strong></span> <span class='ocrx_word' id='word_1_216' title='bbox 1008 3370 1134 3455; x_wconf 81' lang='lat' dir='ltr'><strong>gretiam</strong></span> <span class='ocrx_word' id='word_1_217' title='bbox 1158 3378 1250 3456; x_wconf 88' lang='lat' dir='ltr'><strong>atque</strong></span> <span class='ocrx_word' id='word_1_218' title='bbox 1271 3373 1326 3438; x_wconf 90' lang='lat' dir='ltr'><strong>ele·</strong></span> 
     </span>
     <span class='ocr_line' id='line_1_28' title="bbox 196 3483 1325 3574; baseline -0.001 -24"><span class='ocrx_word' id='word_1_219' title='bbox 196 3487 330 3574; x_wconf 86' lang='lat' dir='ltr'><strong>gantiam</strong></span> <span class='ocrx_word' id='word_1_220' title='bbox 353 3508 390 3551; x_wconf 86' lang='lat' dir='ltr'><strong>ex</strong></span> <span class='ocrx_word' id='word_1_221' title='bbox 413 3487 555 3550; x_wconf 87' lang='lat' dir='ltr'><strong>universo</strong></span> <span class='ocrx_word' id='word_1_222' title='bbox 579 3486 680 3570; x_wconf 87' lang='lat' dir='ltr'><strong>potius</strong></span> <span class='ocrx_word' id='word_1_223' title='bbox 702 3486 843 3550; x_wconf 83' lang='lat' dir='ltr'><strong>exsistere</strong></span> <span class='ocrx_word' id='word_1_224' title='bbox 865 3483 1013 3548; x_wconf 85' lang='lat' dir='ltr'><strong>scribendi</strong></span> <span class='ocrx_word' id='word_1_225' title='bbox 1043 3504 1155 3569; x_wconf 85' lang='lat' dir='ltr'><strong>genere</strong></span> <span class='ocrx_word' id='word_1_226' title='bbox 1180 3491 1271 3570; x_wconf 86' lang='lat' dir='ltr'><strong>atque</strong></span> <span class='ocrx_word' id='word_1_227' title='bbox 1292 3508 1325 3551; x_wconf 84' lang='lat' dir='ltr'><strong>ex</strong></span> 
     </span>
     <span class='ocr_line' id='line_1_29' title="bbox 195 3597 1325 3680; baseline 0 -14"><span class='ocrx_word' id='word_1_228' title='bbox 195 3601 340 3666; x_wconf 88' lang='lat' dir='ltr'><strong>orationis</strong></span> <span class='ocrx_word' id='word_1_229' title='bbox 361 3600 611 3680; x_wconf 86' lang='lat' dir='ltr'><strong>conformatione,</strong></span> <span class='ocrx_word' id='word_1_230' title='bbox 634 3600 670 3664; x_wconf 90' lang='lat' dir='ltr'><strong>ad</strong></span> <span class='ocrx_word' id='word_1_231' title='bbox 692 3604 827 3664; x_wconf 86' lang='lat' dir='ltr'><strong>veterum</strong></span> <span class='ocrx_word' id='word_1_232' title='bbox 849 3598 1049 3663; x_wconf 84' lang='lat' dir='ltr'><strong>imitationem</strong></span> <span class='ocrx_word' id='word_1_233' title='bbox 1069 3597 1236 3665; x_wconf 87' lang='lat' dir='ltr'><strong>liberaliter</strong></span> <span class='ocrx_word' id='word_1_234' title='bbox 1251 3623 1325 3666; x_wconf 90' lang='lat' dir='ltr'><strong>eom·</strong></span> 
     </span>
     <span class='ocr_line' id='line_1_30' title="bbox 195 3711 1324 3800; baseline 0 -22"><span class='ocrx_word' id='word_1_235' title='bbox 195 3715 307 3800; x_wconf 77' lang='lat' dir='ltr'><strong>posite,</strong></span> <span class='ocrx_word' id='word_1_236' title='bbox 338 3733 427 3797; x_wconf 88' lang='lat' dir='ltr'><strong>quam</strong></span> <span class='ocrx_word' id='word_1_237' title='bbox 457 3734 494 3776; x_wconf 85' lang='lat' dir='ltr'><strong>ex</strong></span> <span class='ocrx_word' id='word_1_238' title='bbox 517 3711 682 3792; x_wconf 77' lang='lat' dir='ltr'><strong>fastidiosa,</strong></span> <span class='ocrx_word' id='word_1_239' title='bbox 714 3715 775 3795; x_wconf 78' lang='lat' dir='ltr'><strong>quir</strong></span> <span class='ocrx_word' id='word_1_240' title='bbox 798 3713 898 3776; x_wconf 89' lang='lat' dir='ltr'><strong>omnia</strong></span> <span class='ocrx_word' id='word_1_241' title='bbox 920 3713 1034 3778; x_wconf 85' lang='lat' dir='ltr'><strong>novitia</strong></span> <span class='ocrx_word' id='word_1_242' title='bbox 1059 3716 1174 3780; x_wconf 86' lang='lat' dir='ltr'><strong>evitare</strong></span> <span class='ocrx_word' id='word_1_243' title='bbox 1196 3717 1324 3798; x_wconf 87' lang='lat' dir='ltr'><strong>studeas,</strong></span> 
     </span>
     <span class='ocr_line' id='line_1_31' title="bbox 194 3826 1326 3918; baseline 0.004 -24"><span class='ocrx_word' id='word_1_244' title='bbox 194 3830 365 3914; x_wconf 71' lang='lat' dir='ltr'><strong>diligentie,</strong></span> <span class='ocrx_word' id='word_1_245' title='bbox 391 3828 453 3891; x_wconf 85' lang='lat' dir='ltr'><strong>suis</strong></span> <span class='ocrx_word' id='word_1_246' title='bbox 475 3828 583 3912; x_wconf 81' lang='lat' dir='ltr'><strong>passim</strong></span> <span class='ocrx_word' id='word_1_247' title='bbox 606 3831 636 3891; x_wconf 90' lang='lat' dir='ltr'><strong>et</strong></span> <span class='ocrx_word' id='word_1_248' title='bbox 657 3826 803 3912; x_wconf 83' lang='lat' dir='ltr'><strong>exemplis</strong></span> <span class='ocrx_word' id='word_1_249' title='bbox 826 3832 857 3892; x_wconf 91' lang='lat' dir='ltr'><strong>et</strong></span> <span class='ocrx_word' id='word_1_250' title='bbox 880 3828 1003 3892; x_wconf 87' lang='lat' dir='ltr'><strong>monitis</strong></span> <span class='ocrx_word' id='word_1_251' title='bbox 1027 3827 1132 3895; x_wconf 86' lang='lat' dir='ltr'><strong>harum</strong></span> <span class='ocrx_word' id='word_1_252' title='bbox 1155 3853 1258 3898; x_wconf 89' lang='lat' dir='ltr'><strong>rerum</strong></span> <span class='ocrx_word' id='word_1_253' title='bbox 1278 3855 1326 3918; x_wconf 89' lang='lat' dir='ltr'><strong>pe·</strong></span> 
     </span>
     <span class='ocr_line' id='line_1_32' title="bbox 194 3941 1042 4030; baseline 0.001 -23"><span class='ocrx_word' id='word_1_254' title='bbox 194 3943 331 4008; x_wconf 89' lang='lat' dir='ltr'><strong>ritissimi</strong></span> <span class='ocrx_word' id='word_1_255' title='bbox 354 3942 544 4006; x_wconf 87' lang='lat' dir='ltr'><strong>Litteretores</strong></span> <span class='ocrx_word' id='word_1_256' title='bbox 567 3942 735 4007; x_wconf 84' lang='lat' dir='ltr'><strong>docuerunt</strong></span> <span class='ocrx_word' id='word_1_257' title='bbox 757 3963 791 4005; x_wconf 87' lang='lat' dir='ltr'><strong>ae</strong></span> <span class='ocrx_word' id='word_1_258' title='bbox 813 3941 958 4030; x_wconf 89' lang='lat' dir='ltr'><strong>Theologi</strong></span> <span class='ocrx_word' id='word_1_259' title='bbox 982 3945 1042 4028; x_wconf 91' lang='lat'>(1).</span> 
     </span>
    </p>
   </div>
   <div class='ocr_carea' id='block_1_3' title="bbox 200 4110 362 4120">
    <p class='ocr_par' dir='ltr' id='par_1_4' title="bbox 200 4110 362 4120">
     <span class='ocr_line' id='line_1_33' title="bbox 200 4110 362 4120; baseline -0.012 0"><span class='ocrx_word' id='word_1_260' title='bbox 200 4110 362 4120; x_wconf 55' lang='grc' dir='ltr'><strong>...ι-κ...-</strong></span> 
     </span>
    </p>
   </div>
   <div class='ocr_carea' id='block_1_4' title="bbox 230 4224 1324 4292">
    <p class='ocr_par' dir='ltr' id='par_1_5' title="bbox 230 4224 1324 4292">
     <span class='ocr_line' id='line_1_34' title="bbox 230 4224 1324 4292; baseline 0.002 -13"><span class='ocrx_word' id='word_1_261' title='bbox 230 4229 268 4292; x_wconf 86' lang='lat' dir='ltr'><strong>(t)</strong></span> <span class='ocrx_word' id='word_1_262' title='bbox 288 4227 352 4280; x_wconf 83' lang='lat' dir='ltr'><strong>Cum</strong></span> <span class='ocrx_word' id='word_1_263' title='bbox 371 4228 444 4280; x_wconf 88' lang='lat' dir='ltr'><strong>dietis</strong></span> <span class='ocrx_word' id='word_1_264' title='bbox 461 4230 566 4280; x_wconf 90' lang='lat' dir='ltr'><strong>omnino</strong></span> <span class='ocrx_word' id='word_1_265' title='bbox 583 4227 624 4279; x_wconf 84' lang='lat' dir='ltr'><strong>eff.</strong></span> <span class='ocrx_word' id='word_1_266' title='bbox 642 4227 668 4278; x_wconf 88' lang='lat' dir='ltr'><strong>J.</strong></span> <span class='ocrx_word' id='word_1_267' title='bbox 687 4226 721 4277; x_wconf 86' lang='lat' dir='ltr'><strong>A.</strong></span> <span class='ocrx_word' id='word_1_268' title='bbox 741 4224 890 4278; x_wconf 76' lang='lat' dir='ltr'><strong>Ernestii</strong></span> <span class='ocrx_word' id='word_1_269' title='bbox 909 4226 986 4279; x_wconf 80' lang='lat' dir='ltr'><strong>Initia</strong></span> <span class='ocrx_word' id='word_1_270' title='bbox 1003 4227 1078 4279; x_wconf 81' lang='lat' dir='ltr'><strong>doctr.</strong></span> <span class='ocrx_word' id='word_1_271' title='bbox 1096 4229 1167 4281; x_wconf 84' lang='lat' dir='ltr'><strong>solid.</strong></span> <span class='ocrx_word' id='word_1_272' title='bbox 1194 4231 1247 4291; x_wconf 85' lang='lat' dir='ltr'><strong>(ed.</strong></span> <span class='ocrx_word' id='word_1_273' title='bbox 1268 4234 1324 4292; x_wconf 56' lang='grc' dir='ltr'><strong>ὀίω,</strong></span> 
     </span>
    </p>
   </div>
   <div class='ocr_carea' id='block_1_5' title="bbox 195 4319 1326 4484">
    <p class='ocr_par' dir='ltr' id='par_1_6' title="bbox 195 4319 1326 4484">
     <span class='ocr_line' id='line_1_35' title="bbox 195 4319 1326 4389; baseline 0.002 -15"><span class='ocrx_word' id='word_1_274' title='bbox 195 4322 266 4387; x_wconf 83' lang='lat' dir='ltr'><strong>Lips.</strong></span> <span class='ocrx_word' id='word_1_275' title='bbox 287 4325 362 4385; x_wconf 86' lang='grc'><strong>1776)</strong></span> <span class='ocrx_word' id='word_1_276' title='bbox 387 4324 470 4388; x_wconf 85' lang='lat' dir='ltr'><strong>praes.</strong></span> <span class='ocrx_word' id='word_1_277' title='bbox 498 4324 522 4386; x_wconf 81' lang='lat' dir='ltr'><strong>p.</strong></span> <span class='ocrx_word' id='word_1_278' title='bbox 541 4320 637 4372; x_wconf 89' lang='lat' dir='ltr'>XXVI</span> <span class='ocrx_word' id='word_1_279' title='bbox 654 4335 710 4386; x_wconf 89' lang='lat' dir='ltr'><strong>sqq.</strong></span> <span class='ocrx_word' id='word_1_280' title='bbox 747 4319 889 4370; x_wconf 80' lang='lat' dir='ltr'><strong>Utilissima</strong></span> <span class='ocrx_word' id='word_1_281' title='bbox 915 4323 991 4373; x_wconf 84' lang='lat' dir='ltr'><strong>etiarn</strong></span> <span class='ocrx_word' id='word_1_282' title='bbox 1017 4323 1064 4371; x_wconf 71' lang='lat' dir='ltr'><strong>hee</strong></span> <span class='ocrx_word' id='word_1_283' title='bbox 1090 4322 1123 4372; x_wconf 88' lang='lat' dir='ltr'><strong>de</strong></span> <span class='ocrx_word' id='word_1_284' title='bbox 1148 4338 1176 4373; x_wconf 91' lang='lat' dir='ltr'><strong>re</strong></span> <span class='ocrx_word' id='word_1_285' title='bbox 1194 4335 1326 4389; x_wconf 82' lang='lat' dir='ltr'><strong>praecepte</strong></span> 
     </span>
     <span class='ocr_line' id='line_1_36' title="bbox 197 4412 1326 4484; baseline 0.001 -18"><span class='ocrx_word' id='word_1_286' title='bbox 197 4416 265 4466; x_wconf 83' lang='lat' dir='ltr'><strong>dedit</strong></span> <span class='ocrx_word' id='word_1_287' title='bbox 282 4416 312 4466; x_wconf 79' lang='lat' dir='ltr'><strong>F.</strong></span> <span class='ocrx_word' id='word_1_288' title='bbox 332 4413 366 4466; x_wconf 87' lang='lat' dir='ltr'><strong>A.</strong></span> <span class='ocrx_word' id='word_1_289' title='bbox 388 4415 578 4466; x_wconf 81' lang='lat' dir='ltr'><strong>Heiuicbeur</strong></span> <span class='ocrx_word' id='word_1_290' title='bbox 600 4413 685 4464; x_wconf 79' lang='lat' dir='ltr'><strong>Lelrt.</strong></span> <span class='ocrx_word' id='word_1_291' title='bbox 703 4414 746 4464; x_wconf 83' lang='lat' dir='ltr'><strong>der</strong></span> <span class='ocrx_word' id='word_1_292' title='bbox 758 4412 856 4465; x_wconf 81' lang='lat' dir='ltr'><strong>Tlreorie</strong></span> <span class='ocrx_word' id='word_1_293' title='bbox 874 4413 915 4465; x_wconf 84' lang='lat' dir='ltr'><strong>des</strong></span> <span class='ocrx_word' id='word_1_294' title='bbox 933 4414 1027 4466; x_wconf 83' lang='lat' dir='ltr'><strong>Letein.</strong></span> <span class='ocrx_word' id='word_1_295' title='bbox 1044 4413 1105 4467; x_wconf 71' lang='lat' dir='ltr'><strong>stirs</strong></span> <span class='ocrx_word' id='word_1_296' title='bbox 1122 4416 1176 4480; x_wconf 87' lang='lat' dir='ltr'><strong>(ed.</strong></span> <span class='ocrx_word' id='word_1_297' title='bbox 1196 4419 1240 4469; x_wconf 78' lang='lat' dir='ltr'><strong>alt.</strong></span> <span class='ocrx_word' id='word_1_298' title='bbox 1260 4418 1326 4484; x_wconf 83' lang='lat' dir='ltr'><strong>Lips.</strong></span> 
     </span>
    </p>
   </div>
   <div class='ocr_carea' id='block_1_6' title="bbox 0 0 1396 4958">
    <p class='ocr_par' dir='ltr' id='par_1_7' title="bbox 0 0 1396 4958">
     <span class='ocr_line' id='line_1_37' title="bbox 0 0 1396 4958; baseline 0 2"><span class='ocrx_word' id='word_1_299' title='bbox 0 0 1396 4958; x_wconf 95' lang='lat' dir='ltr'><strong> </strong></span> 
     </span>
    </p>
   </div>
  </div>
 </body>
</html>
