2828 4950
195 360 258 422 130
583 373 623 416 nu
647 372 746 417 nurus
770 375 933 419 nuruuorrs

194 542 383 606 continenter
406 540 506 624 legere
529 539 647 615 sobius,
674 561 759 624 saepe
783 540 875 605 habui
898 541 978 624 quod
1002 541 1213 607 Rationalismi
1237 548 1331 609 tcmc·

84 653 89 662 '
194 657 315 720 ritatem
339 654 470 718 dolerem
494 658 583 737 atque
613 653 779 717 audaciam.
829 656 895 719 Nec
919 676 986 719 raro
1017 661 1117 719 tamen
1143 661 1328 740 usuvenit,

193 773 229 832 ut
252 789 314 831 non
336 788 429 852 pauca
454 767 586 831 melioris
608 767 844 852 frugismonita
867 775 956 853 atque
979 770 1254 834 animadversiones
1269 777 1330 836 tra·

189 882 272 946 ditus
294 880 473 960 invenirem,
500 902 626 964 quarum
650 903 796 946 summam
820 904 902 946 meos
924 885 956 946 iu
981 884 1097 949 loculos
1112 887 1254 951 retulisse
1269 910 1331 952 non

193 994 377 1080 poenitebat.
399 1032 440 1043 -
465 994 555 1065 Quod
578 997 727 1079 reliquum
752 1002 808 1074 cst,
833 999 887 1081 qui
912 998 965 1062 diu
988 1021 1005 1062 a
1028 1001 1142 1081 multis,
1177 1004 1231 1086 qui
1256 1003 1331 1069 liba-

194 1111 275 1175 ναίω
298 1132 329 1173 se
352 1108 582 1193 profitebantur,
608 1109 799 1175 liberalitatis
822 1113 932 1176 vindex
956 1134 990 1177 ao
1014 1114 1108 1178 veluti
1132 1116 1274 1180 sacerdos
1300 1123 1331 1180 ct

193 1245 305 1308 auspex
329 1222 450 1287 habitus
472 1230 555 1304 crat,
587 1231 690 1308 postea
720 1246 818 1289 acrem
842 1226 1046 1291 adversarium
1068 1230 1205 1308 invenit,
1238 1251 1331 1314 quem

193 1340 319 1402 lortame
344 1340 517 1402 certaminis
541 1345 645 1403 contra
667 1339 860 1403 Orthodoros
882 1343 997 1404 socium
1014 1340 1071 1404 sibi
1095 1347 1185 1426 atque
1209 1344 1331 1428 adJuto·

196 1476 260 1521 rem
283 1461 472 1538 speraverat,
498 1455 676 1519 Catulum
699 1453 822 1532 Hase,
849 1453 970 1518 subtilis
999 1457 1116 1540 ingenii
1143 1477 1333 1542 magnaeque

196 1569 351 1632 doctrinae
374 1568 576 1633 Professorem
607 1568 768 1631 Jencnscm
794 1568 856 1650 (l).
907 1569 1031 1635 Mortuo
1061 1576 1166 1635 autem·
1184 1571 1333 1637 Itbhrio

198 1703 286 1745 nemo
309 1681 418 1760 adhuc,
443 1682 540 1766 quoad
564 1684 713 1755 novimus,
739 1679 864 1766 obtigit,
890 1685 956 1766 qui,
982 1685 1045 1748 vito
1068 1683 1218 1769 rebusque
1242 1708 1334 1751 accu-

199 1801 262 1859 rate
286 1796 476 1876 enarrandis,
514 1797 550 1862 ad
583 1798 679 1880 ipsias
710 1797 944 1861 recordationem
976 1804 1109 1882 posteros
1136 1798 1335 1866 alliceret‘et

199 1910 356 1994 adjuvaret
376 1912 435 1995 (2).

245 2356 314 2422 Nec
337 2357 643 2423 Bretsohneideri
675 2357 750 2422 milri
780 2377 880 2419 manes
910 2357 1077 2419 irascentur
1099 2376 1155 2419 noc
1186 2355 1332 2432 Rdhrii,

199 2473 322 2556 utrique
344 2473 480 2556 proxime
502 2495 526 2535 r.
551 2496 580 2536 a.
607 2494 635 2536 n.
660 2492 892 2535 wncscnnrnnsr
917 2491 1026 2533 nomen
1049 2469 1222 2554 apponenti.
1274 2469 1335 2534 Hic

198 2588 281 2651 onim
305 2587 424 2650 discret
447 2585 568 2669 quidem
592 2586 671 2649 vitae
694 2590 774 2649 sorte
797 2606 831 2648 ao
861 2604 986 2649 munere
1013 2604 1086 2648 usus
1108 2587 1170 2658 cst,
1203 2581 1335 2647 'I'heolo-

201 2703 270 2786 giae
292 2701 448 2765 Professor
470 2701 543 2764 olim
565 2700 775 2775 Rinlslicnsis,
808 2705 911 2783 postea
941 2697 1094 2762 Halensis.
1144 2697 1204 2761 Sed
1229 2697 1335 2762 eudem

200 2816 352 2890 universe,
379 2836 454 2898 quae
476 2816 609 2898 utrique,
636 2815 673 2877 dc
695 2814 811 2878 Christi
828 2813 975 2897 religione
992 2813 1116 2896 ejusque
1131 2810 1253 2896 origine
1267 2833 1335 2874 sen·

200 2929 296 2993 tentis
318 2950 352 2993 ac
373 2929 530 3013 professio.
579 2928 675 3012 Cujus
698 2928 742 2991 rei
765 2948 833 2990 cum
857 2927 915 2989 alia
938 2927 1050 3010 scriptu
1080 2924 1169 2987 fidem
1203 2924 1332 3000 faciunt,

199 3047 265 3108 tum
288 3043 436 3126 imprimis
458 3040 550 3126 vulgo
574 3042 761 3119 notissimae,
786 3060 859 3123 quas
883 3039 990 3118 edidit,
1013 3040 1224 3105 Inatiwtiooes
1243 3038 1335 3104 Tbeo·

201 3156 299 3240 lopiac
332 3153 526 3220 Christianae
553 3158 759 3240 (loquatium
788 3157 896 3218 additui
926 3155 1112 3238 stupidorum
1145 3153 1336 3237 Dopmutum

206 3370 372 3381 *nn-

201 3518 295 3582 suiqorr'
315 3517 357 3567 diu
373 3519 426 3583 jam
443 3525 563 3582 superstes
573 3517 677 3581 fuerat,
702 3524 841 3579 umoaquom
864 3515 923 3565 aaut
941 3520 1005 3564 1848
1022 3515 1099 3566 turbis
1115 3530 1145 3563 uc
1162 3515 1337 3579 tempestatibus

201 3609 287 3674 »plum
303 3611 466 3661 succumberet.
492 3609 532 3660 Ab
549 3609 696 3659 advesariis
712 3609 772 3658 onim
787 3625 831 3658 aon
847 3605 949 3672 amplius
962 3607 1010 3672 lapi
1023 3606 1123 3666 solitum,
1140 3607 1172 3656 ab
1192 3608 1278 3657 amabrb
1296 3607 1335 3657 de·

203 3703 337 3764 ostiarium,
355 3703 495 3755 doctioribus
511 3701 540 3753 de
557 3702 640 3762 tibris,
655 3699 735 3765 quotes
747 3717 835 3765 poums
851 3716 912 3749 auno
928 3699 1037 3764 offirubm
1056 3697 1262 3761 Rotiouula'smus,
1279 3716 1336 3750 roru

202 3799 335 3860 saltaretis,
352 3795 475 3860 paullatim
491 3797 516 3846 iu
536 3796 652 3846 iuter-stum
665 3793 812 3844 taoliudrut.''
835 3794 897 3843 Vid.
913 3791 982 3843 tbaol.
998 3790 1158 3842 Liberaturblr
1171 3807 1195 3842 z.
1206 3793 1243 3842 A.
1254 3794 1290 3845 Κ.
1304 3791 1333 3842 Z.

203 3894 277 3940 1850.
294 3887 338 3938 ΝΟ.
358 3893 399 3938 4ο.
419 3913 451 3926 -
468 3887 558 3953 Operis
575 3887 800 3945 continuationem,
819 3893 922 3960 auctore
939 3887 971 3936 L.
988 3887 1114 3950 Lange,
1130 3885 1201 3936 Prof.
1216 3885 1334 3946 Jeuensi,

201 3982 245 4030 aix
262 3983 324 4046 ipsis
340 3982 491 4046 placituram
510 3996 564 4032 csse
587 3980 733 4045 discipliuae
750 3978 890 4029 Rdlrricnoc
913 3979 1067 4029 amatoribus
1083 3985 1161 4044 puto,
1178 3981 1276 4030 nedum
1291 3979 1336 4030 ed·

200 4077 331 4126 versariis.
1241 4069 1243 4073 ⁴

235 4166 271 4232 (1)
291 4167 368 4219 Vidd.
386 4166 454 4218 dot.
472 4166 657 4234 Sbebscbnfluu
674 4183 718 4217 con
735 4164 780 4214 D¹.
807 4167 886 4217 Kcrl
912 4164 1009 4226 blase,
1032 4165 1071 4215 otc
1087 4163 1190 4231 Bcdcpr
1206 4183 1238 4218 tu
1253 4164 1336 4216 dassen

172 4241 174 4245 ’
200 4259 318 4310 Humane
336 4259 409 4309 redte.
424 4275 447 4309 a.
463 4259 541 4310 moen
557 4258 626 4308 Jeme.
644 4258 673 4308 11
690 4257 785 4322 Hum,
802 4258 872 4324 Ltps.
894 4265 967 4310 issa.
988 4265 1060 4310 rsao.

216 4351 268 4415 ’(1)
293 4352 352 4404 Viri
378 4355 471 4418 scripta
496 4354 621 4402 recensuit
645 4351 716 4402 Neue
739 4353 758 4403 J
764 4368 809 4403 en.
833 4350 868 4401 A.
891 4351 941 4402 Lit.
962 4351 1026 4402 Zac.
1047 4347 1334 4403 1848.N⁰.162.0ff.

192 4442 283 4497 lacre.
302 4463 358 4497 uoor
376 4445 549 4511 wattnrcbopp.
568 4443 648 4496 itast.
669 4445 752 4509 (Trai
769 4447 801 4496 ud
818 4443 867 4495 Bh.
890 4446 964 4507 rste)
983 4443 1045 4495 Vll.
1067 4450 1087 4494 1.
1107 4445 1164 4495 176.
