2782 4958
560 384 721 428 cassusne.
1140 363 1201 426 127

58 572 142 635 quae
166 552 254 638 plura
275 554 319 617 ibi
350 551 447 617 seculi
472 551 557 617 illius
586 551 695 638 placita
728 556 937 616 memorantur.
984 552 1093 616 Altera
1116 572 1199 627 vero,

61 688 142 750 quae
167 689 239 731 mox
261 669 433 753 subjicitur,
458 668 614 732 contendit
643 667 790 731 sententia
820 665 1041 751 Proteuangelii
1072 667 1200 742 auctori,

61 783 182 847 homini
204 783 342 849 Gnostieo
359 783 443 868 eiqne
461 782 623 859 Ebionaeo,
647 782 690 846 sic
704 781 912 846 Ebionitarane
934 779 1001 844 illas
1016 779 1202 865 displicuisse

64 901 97 960 ct
119 897 344 962 Nazarneoenrn
368 895 537 981 opiniones,
562 901 598 959 ut
619 916 668 959 eas
691 893 782 960 hocce
805 893 864 959 sibi
894 895 1007 978 scripto
1030 895 1202 959 refutandas

62 1017 198 1097 putaret.
246 1015 321 1076 llaec
351 1009 405 1074 ubi
436 1031 536 1074 secum
567 1009 696 1075 invicem
727 1030 896 1094 comparare
924 1009 1126 1085 institueram,
1158 1007 1202 1072 ita

63 1126 200 1190 incertus
230 1124 406 1206 haerebam,
448 1129 484 1190 ut
515 1124 604 1188 modo
635 1123 787 1188 hominem
816 1146 870 1189 sna
900 1124 1065 1188 caedentem
1098 1124 1202 1187 cineta

63 1239 141 1303 mihi
164 1239 316 1324 objectum
337 1244 486 1324 putarem,
511 1239 600 1303 modo
623 1260 729 1322 aquam
760 1259 829 1303 oum
860 1239 932 1324 igne
957 1239 1148 1323 conjunctam
1171 1242 1203 1302 ct

63 1355 162 1419 amice
185 1355 414 1439 conspirantem.
441 1351 553 1418 [tubiae
567 1359 666 1417 tamen
689 1352 767 1418 lucis
781 1352 895 1438 aliquid
910 1348 1101 1438 postmodnm
1121 1373 1203 1416 com·

63 1470 212 1534 mentatio
235 1467 338 1534 attulit
359 1469 504 1552 Hanana,
529 1467 583 1533 ubi
599 1489 721 1533 monere
744 1489 809 1533 eam
823 1468 900 1546 vidi,
917 1469 997 1548 arsos
1015 1469 1096 1534 inter
1110 1467 1203 1533 Ebio-

62 1585 150 1650 nitas
172 1593 212 1659 et,
240 1584 291 1669 qni
321 1584 363 1648 iis
392 1583 512 1667 copnata‘
540 1592 647 1660 essent,
685 1583 859 1650 Nazaraeos
884 1585 1049 1649 contrarias
1073 1579 1202 1647 valuisse

63 1699 103 1765 de
127 1698 239 1764 Christi
262 1697 411 1763 natalibus
434 1698 590 1783 opiniones
611 1699 670 1783 (1).
718 1700 832 1764 Verum·
848 1721 887 1764 ne
909 1720 992 1763 nunc
1010 1698 1132 1782 quidem
1147 1695 1203 1761 hc·

63 1815 158 1878 minis
172 1812 255 1878 illius
270 1814 432 1878 Ebionitoe
446 1812 639 1896 ejusdemque
656 1813 792 1878 Gnostici
806 1817 867 1877 tam
882 1811 990 1877 claram
1009 1833 1042 1876 ac
1056 1811 1200 1886 lucidam,

63 1948 156 2010 qnam
180 1926 344 2002 volucram,
370 1925 445 1990 mihi
467 1928 627 1991 informare
650 1947 769 2012 possum
792 1928 966 2013 imaginem.
996 1926 1082 2002 Quod
1097 1929 1202 1989 utrum

63 2042 124 2105 mci
148 2042 225 2106 forte
248 2042 364 2127 ingenii
388 2039 582 2106 tribuendum
606 2042 647 2106 sit
669 2041 793 2126 torpori,
820 2041 941 2107 videant
963 2041 1124 2106 acutiores.

108 2270 142 2335 ln
167 2268 323 2345 Codicum,
349 2290 425 2353 quos
448 2269 485 2334 ad
508 2268 729 2355 Protenangclii
762 2275 876 2336 textum
903 2269 1122 2335 emendandum
1148 2269 1199 2334 ad·

63 2382 167 2448 hibuit
188 2383 532 2460 Tischeudorfius,
556 2382 640 2469 largo
664 2389 813 2468 proventu
842 2385 992 2471 insignem
1022 2385 1087 2448 sine
1110 2382 1202 2448 dubio

63 2496 168 2561 locum
199 2497 317 2562 obtinet
353 2498 482 2562 Venetas
513 2497 565 2562 ille
599 2498 779 2563 Marcianas
807 2500 846 2584 (i.
872 2521 896 2562 e.
920 2499 1018 2563 sancti
1044 2498 1148 2563 Marci
1169 2499 1202 2562 in

63 2609 248 2676 bibliotheca
270 2611 446 2695 repositus),
465 2633 567 2696 quem,
592 2614 727 2676 omnium
750 2614 880 2698 primum
897 2614 929 2677 in
944 2614 1042 2678 Indice
1059 2614 1202 2699 positum,

63 2722 195 2810 appellat
216 2726 251 2788 A.
277 2728 385 2790 Totum
410 2748 479 2790 eum
502 2747 533 2789 se
555 2726 744 2811 descripsisse
767 2729 936 2812 profitetur,
963 2733 1052 2812 atquc
1079 2728 1115 2791 ad
1139 2750 1199 2792 sec.

62 2839 165 2903 ferell
187 2840 375 2904 referendum
390 2846 506 2925 putare.
548 2842 601 2905 llic
623 2836 731 2905 autem
747 2840 857 2922 Codex,
883 2846 914 2906 et
936 2841 972 2906 de
995 2841 1201 2926 blanuscriptis

63 2957 96 3016 ct
119 2973 222 3016 eorum
245 2953 282 3018 de
305 2953 476 3019 llditoribus
497 2974 586 3037 quam
609 2953 809 3019 inconstantia
824 2953 981 3018 hominum
998 2955 1060 3020 sint
1071 2954 1198 3039 judicia,

64 3067 252 3133 memorabili
275 3067 363 3132 docet
377 3067 524 3154 exemplo.
547 3071 624 3132 Ante
641 3068 694 3131 hos
710 3069 790 3131 enim
806 3068 936 3132 sedecim
951 3074 982 3133 et
997 3069 1076 3151 quod
1092 3090 1201 3135 excur-

62 3184 104 3246 rit
127 3204 232 3258 annos,
266 3183 395 3247 eumad
426 3182 549 3247 modum
580 3181 843 3268 Proteuangclium
874 3183 1007 3247 ediderat
1039 3182 1200 3247 Carolus

61 3295 271 3381 lidulphus
308 3297 496 3374 Suckow,
531 3297 611 3383 apud
646 3296 918 3374 Wratislavicnses,
953 3296 1026 3360 dum
1060 3297 1197 3379 vivebat,

61 3408 240 3496 Theologiae
265 3411 414 3476 Professor
437 3412 703 3489 extraordinarius,
728 3418 764 3476 ut
792 3411 900 3477 Veneti
921 3411 1005 3475 illius
1028 3410 1197 3492 Marcioni,

60 3546 152 3607 quem
175 3526 298 3589 cacteris
319 3525 460 3591 omnibns
483 3526 683 3612 anteponebat
706 3525 877 3607 Codicibus,
895 3524 1009 3609 ubique
1025 3529 1198 3609 sequeretur

61 3639 272 3702 auctoritatem
296 3639 359 3725 (ᾖ)
388 3641 483 3715 Quem
505 3641 587 3705 illius
610 3641 746 3706 libellum
769 3643 908 3705 universe
930 3640 1113 3705 laudandum
1128 3661 1196 3704 cen·

60 3757 189 3816 suerunt
210 3774 243 3816 ac
265 3753 301 3817 de
324 3754 537 3838 Pseudojacobi
560 3756 671 3839 scripto
694 3755 770 3819 bene
793 3755 949 3836 meruisse,
972 3755 1062 3839 primi
1087 3758 1197 3817 statue·

61 3870 147 3947 runt,
181 3867 234 3948 qui
269 3867 305 3930 de
339 3888 375 3931 eo
408 3867 584 3946 referebant,
621 3868 739 3933 ludices
762 3870 833 3952 (3).
871 3867 1028 3952 Aquibus
1055 3888 1126 3934 vero
1155 3868 1198 3931 ita

96 4093 133 4156 (l)
152 4091 218 4144 Cum
236 4093 351 4160 Prolepp.
370 4111 394 4159 p.
413 4093 707 4147 murcomannus.
726 4097 797 4163 Han.
816 4113 839 4162 p.
858 4103 900 4148 31.

97 4189 133 4248 (2)
152 4186 301 4253 Proteaonq.
313 4185 403 4238 Jarodi
414 4205 443 4237 err
461 4187 517 4239 Cod.
534 4205 577 4239 ms.
595 4189 717 4241 Veneriano
733 4191 870 4256 descripsit,
883 4190 1070 4255 Prolepomeais,
1083 4190 1197 4239 varietate

59 4280 121 4330 lectt.
137 4279 197 4329 notis
214 4281 266 4329 crit.
283 4280 397 4330 instruxit
406 4281 435 4332 C.
445 4282 478 4332 A.
489 4281 523 4341 S.;
539 4281 646 4334 Wran'sl.
658 4284 743 4336 (1840)
754 4311 785 4320 -
797 4282 896 4342 Itidem,
911 4285 1033 4334 decennio
1043 4282 1096 4344 jam
1109 4288 1193 4341 antea,

58 4373 270 4423 commentationum
284 4373 312 4423 de
330 4374 477 4440 Protenanp.
490 4391 581 4440 caprena.
600 4383 622 4424 ce
633 4375 709 4425 indole
725 4377 827 4443 primam
844 4378 958 4427 ediderat
973 4384 1075 4440 partem.

93 4468 134 4530 (3)
152 4467 260 4518 Praeter
277 4466 500 4518 Rhcinwaldii
525 4468 581 4534 clip.
604 4469 701 4534 Repert.
719 4474 750 4522 ad
776 4487 808 4521 m.
830 4472 883 4523 Jul.
906 4477 987 4530 1842,
1005 4489 1029 4537 p.
1052 4479 1067 4520 4
1088 4486 1143 4536 sqq.
1162 4499 1194 4510 --
