2782 4958
128 329 193 392 201
518 348 559 391 nn
580 349 680 393 aaran
702 348 865 393 auruncus

176 633 282 694 Varum
313 628 359 692 his
392 628 429 692 da
462 627 550 693 rebus
585 629 720 711 quamvis
753 628 869 695 diversa
903 650 920 692 a
958 625 1124 692 lectoribus
1154 629 1247 692 nostris

129 745 263 809 ferantur
287 743 421 828 judicia;
448 743 706 827 praestantissimis
736 748 816 807 certe
846 743 935 806 editis
965 741 1248 808 unimammas

130 860 166 923 de
201 857 317 923 civibus
354 858 435 935 suis,
472 856 581 940 partim
615 857 705 919 etiarn
736 855 773 919 de
806 856 932 930 exteris,
969 857 1084 941 optime
1120 858 1247 921 meruisse

128 973 350 1058 Eylertium
372 992 488 1050 omnes,
512 970 545 1032 ui
568 968 667 1045 fallor,
693 969 768 1034 mihi
795 971 990 1034 consentient.
1040 972 1093 1034 His
1117 969 1198 1034 illius
1222 973 1248 1034 irr

130 1085 317 1152 orationibus
350 1084 451 1149 nullae
482 1081 574 1165 sunt,
610 1105 686 1166 quae
717 1082 899 1148 nostratibus
927 1087 1023 1170 magis
1053 1087 1247 1161 innotuerint,

130 1223 219 1285 quam
245 1199 402 1264 Homiiiae
431 1199 546 1263 Christi
567 1198 603 1261 de
625 1199 799 1277 parabolis,
830 1198 941 1282 quibus
970 1203 1133 1286 praemissa
1163 1203 1249 1266 eatm

122 1316 213 1395 privo
232 1337 330 1378 comam
348 1315 514 1378 charactere
536 1313 746 1377 commentatio.
795 1315 852 1377 llas
870 1314 951 1377 enim
970 1315 1114 1379 Homilias
1133 1320 1249 1379 nostrm

129 1432 163 1495 in
185 1429 320 1514 linguam
343 1427 510 1504 convertit,
539 1427 602 1490 suis
624 1427 688 1510 ipse
719 1427 1024 1492 animadversionibus
1054 1427 1248 1513 locupletavit,

130 1565 164 1607 aa
188 1543 224 1605 de
247 1539 369 1605 meliore
391 1543 464 1604 nottt
488 1539 576 1605 nobis
592 1540 811 1604 commendavit
832 1541 957 1607 Niool.
984 1544 1248 1628 Westendorp;

130 1658 217 1743 cujus
238 1661 365 1721 mortem
386 1654 484 1719 adhuc
507 1652 718 1738 Arohaeologia
744 1652 830 1739 luget
850 1655 1063 1721 Nederlandica
1086 1659 1150 1740 (t).

176 1773 234 1837 Sed
260 1771 304 1838 ibi
325 1793 356 1835 se
381 1771 446 1854 ipso
480 1768 556 1833 mihi
579 1769 674 1853 major
704 1769 824 1833 videtur
847 1770 970 1851 Orator,
994 1769 1050 1835 ubi
1073 1770 1252 1836 consolatorii

130 1887 248 1974 generis
273 1885 399 1971 attingit
421 1891 604 1971 argrunenta.
653 1888 748 1962 Quam
770 1885 909 1971 plurimis
937 1889 1018 1951 enim
1040 1886 1126 1952 illius
1148 1888 1253 1952 concio

129 2001 219 2067 nibus
240 1999 316 2065 illud
331 2002 517 2087 propositum
537 2005 618 2075 erat,
643 2001 724 2084 quod
740 2002 893 2085 superiora
912 2001 974 2085 jam
993 2004 1176 2078 docuerunt,
1192 2023 1253 2066 eon·

130 2115 231 2180 silium
258 2117 488 2202 gravissimum,
516 2121 553 2180 nt
574 2116 719 2201 depressis
737 2138 791 2201 per
816 2121 914 2180 terrae
932 2117 1067 2181 miserias
1089 2115 1254 2181 mortalibus

131 2231 288 2297 coelestem
324 2233 443 2296 offerret
471 2252 505 2295 ac
539 2231 759 2295 commendaret
791 2228 946 2316 Euangelii
981 2231 1174 2297 medicinam.
1227 2232 1254 2294 ln

130 2368 220 2431 quam
244 2345 371 2410 maxime
401 2345 522 2410 dicendi
544 2350 658 2431 partem
686 2347 844 2410 Auctorem
867 2346 985 2410 animus
1009 2345 1135 2430 impulit
1158 2344 1256 2409 Christi

128 2461 316 2544 fratrumque
345 2461 587 2542 amantissimus,
620 2461 753 2543 pandera
786 2458 839 2524 ille
868 2482 931 2524 cam
960 2460 1176 2544 quatientibus,
1203 2479 1256 2520 cura

125 2575 316 2654 plorantibus
331 2579 471 2654 plorans.
520 2575 613 2639 Modo
634 2575 731 2659 igitur
747 2573 872 2638 tectores
895 2572 1099 2639 obsecrantem
1120 2592 1190 2636 enm
1209 2592 1255 2634 au·

128 2689 228 2754 dimus
257 2693 311 2764 ut,
340 2688 478 2754 coelestia
506 2693 672 2772 spectantes
698 2709 732 2751 ac
758 2693 924 2772 sperantes,
956 2709 995 2752 ne
1024 2707 1080 2773 per·
1111 2687 1253 2750 incertum

128 2809 217 2887 atque
244 2803 405 2887 ancipitem
435 2824 536 2867 rerum
571 2801 768 2867 humanarum
790 2824 911 2867 cursum
935 2807 966 2866 et
996 2807 1140 2867 eventurn
1168 2799 1253 2865 animi

129 2919 230 3001 quiete
254 2922 285 2980 et
307 2916 524 3000 tranquillitate
548 2940 610 2982 sese
634 2917 800 2981 defraudari
823 2917 986 3001 patiantur.
1027 2917 1123 2982 Modo
1143 2916 1253 2980 domes·

126 3032 187 3096 tica
209 3031 380 3096 auditorum
404 3029 480 3095 mala
500 3032 708 3116 respicientem
732 3052 802 3095 eum
826 3031 962 3094 videmus
981 3052 1014 3094 ae
1038 3033 1253 3114 quantumpote

124 3146 217 3211 lenire
241 3151 410 3211 conantem.
454 3147 548 3211 Modo
573 3168 676 3211 omues
696 3144 883 3228 eloquentiae
904 3144 1000 3210 veluti
1024 3166 1135 3210 nervos
1160 3146 1253 3208 inteu-

126 3263 248 3326 dentem
270 3261 488 3346 conspicimus,
519 3266 555 3325 ut
579 3261 684 3325 fratres
714 3260 883 3325 consoletur
913 3261 1124 3325 defunctorum
1156 3259 1255 3322 funera

124 3376 263 3463 lugentes
285 3377 528 3440 necessariorum.
577 3377 651 3440 ane
681 3397 750 3441 vero
780 3375 873 3440 alium
899 3376 956 3440 tibi
986 3374 1121 3460 ejusdem
1148 3374 1254 3438 oratio-

113 3572 287 3581 „0--a-.....—..

162 3691 196 3754 (1)
216 3689 335 3740 Hersilien
354 3690 394 3739 et.
415 3689 453 3739 die
471 3687 594 3738 Paratela
611 3686 687 3747 Jesar,
704 3689 771 3737 aetat
785 3690 849 3739 einer
866 3686 988 3738 Attanae
1008 3689 1046 3736 aa
1062 3686 1108 3736 dua
1128 3684 1255 3737 Otarattc·

127 3785 235 3837 ristr'scle
249 3781 368 3844 uersam,-
386 3780 469 3831 Halae
488 3787 551 3831 1806
569 3789 593 3831 at
611 3783 703 3831 iterum
725 3787 797 3831 1818.
833 3780 882 3830 Hic
901 3788 932 3830 20
952 3781 1074 3830 IIomiliis
1092 3783 1123 3829 da
1145 3790 1202 3831 octo
1220 3793 1255 3828 ao·

92 3923 94 3929 .
127 3880 181 3928 lum
200 3878 283 3939 agitur
302 3871 396 3923 Christi
414 3875 549 3938 parabolis.
567 3873 697 3937 —Ipsum
716 3888 789 3938 opus,
808 3873 914 3924 Nederl.
931 3886 1083 3923 conversum
1104 3875 1138 3923 ab
1156 3872 1188 3922 N.
1207 3873 1253 3930 W,

127 3972 222 4020 editum
242 3976 279 4017 ast
297 3966 371 4017 Gran.
392 3974 465 4018 1810.
490 3966 736 4017 commentationem
749 3968 923 4030 praemissam,
938 3980 1053 4016 scorsum
1073 3967 1179 4027 editam,
1193 3968 1254 4016 idem

127 4063 233 4125 subjecti
258 4062 388 4125 interpres
414 4061 587 4118 doctissimua;
606 4058 665 4109 itia.
688 4064 762 4109 1818.
800 4057 872 4124 Opus
895 4061 1013 4110 universe
1031 4060 1105 4109 valde
1128 4060 1253 4110 laudatum

128 4162 165 4206 est
183 4156 312 4220 plerisque
330 4169 344 4202 a
363 4153 517 4204 Censortbus
536 4149 683 4211 Germanis,
703 4157 733 4201 da
752 4153 845 4216 quibua
863 4153 915 4201 vid.
935 4153 1136 4201 Fuhrmann.
1158 4150 1253 4202 Haadt.

127 4247 171 4299 der
187 4246 254 4298 tueor.
273 4247 323 4297 Lit.
342 4248 376 4297 ΙΙ.
398 4253 421 4296 2.
440 4263 463 4310 p.
483 4251 532 4296 262
551 4259 619 4308 sqq·;
638 4270 671 4280 -
689 4245 748 4294 item
774 4252 887 4294 nostrate
906 4260 920 4294 a
945 4241 1074 4305 censore,
1093 4247 1120 4295 in
1144 4242 1254 4295 Biblictt.

127 4359 173 4392 van
194 4340 259 4391 tteol.
276 4340 382 4391 Litteris.
401 4340 477 4391 VIII.
497 4345 520 4388 2.
538 4355 563 4403 p.
584 4343 632 4388 910
650 4352 703 4400 sqq.
738 4337 779 4387 De
801 4338 1012 4388 commentatione
1032 4339 1173 4401 praemissit
1193 4337 1253 4388 sidat.

129 4434 212 4500 Ba'jdr.
232 4441 264 4482 tot
280 4434 309 4484 o'e
326 4435 399 4498 bacas.
417 4449 445 4483 en
460 4432 541 4497 peret.
558 4430 601 4479 rler
617 4428 709 4495 porlpcl.
730 4438 780 4480 acet.
800 4430 848 4480 VI.
869 4437 892 4483 2.
910 4445 935 4495 p.
957 4433 1006 4479 toa
1023 4445 1061 4494 sq.
