2782 4958
614 371 777 417 cersonae.
1212 351 1256 414 ‘tl

117 548 211 627 petuo
231 542 293 607 fere
310 562 412 629 regere
432 540 568 606 videmus
590 560 622 602 ao
638 538 784 604 moderari
799 537 908 621 judicii
924 535 1131 602 subtilitatem.
1157 538 1258 620 Neque

116 657 215 743 igitur
238 657 437 723 tumultuarie
461 655 639 742 profundit,
663 655 715 719 sed
739 659 807 740 apte
830 655 932 739 potius
955 660 985 718 et
999 654 1106 717 idonei
1124 653 1258 738 disponit

117 774 263 837 orationis
286 771 485 856 pulcherrima
512 790 647 853 quaeque
668 775 853 833 ornamenta.
902 770 1060 851 Nunquam
1090 773 1200 832 temere
1223 789 1256 831 ea

116 907 199 951 sacco
223 887 320 950 veluti
339 886 480 971 projicit;
504 884 555 948 sed
575 884 612 947 ad
635 905 686 947 eos
704 888 828 964 tantum
844 882 1006 967 prudenter
1024 881 1146 946 adhibet
1161 879 1254 964 locos,

118 1000 197 1064 unde
223 1001 251 1063 si
274 1000 428 1076 abessent,
451 1002 582 1084 ipsarum
600 999 820 1063 sententiarum
846 997 894 1064 rel
917 997 1123 1083 perspicuitati
1142 996 1257 1080 aliquid

120 1113 276 1180 decederet
298 1114 346 1181 rel
368 1116 517 1180 venustati
542 1114 590 1178 vel
614 1112 805 1178 sublimitati.
907 1195 908 1198 Ἴ

160 1230 245 1304 Quae
265 1230 365 1292 omnia
384 1250 480 1312 quum
499 1229 543 1292 ita
567 1229 640 1310 sint,
660 1229 885 1313 disputationis,
906 1250 995 1313 quam
1011 1227 1255 1307 informavimus,

120 1363 150 1407 ao
170 1343 302 1427 judicii,
331 1343 411 1427 quod
435 1343 559 1407 Jeaci'ce
582 1343 618 1407 de
641 1341 719 1408 libro
745 1343 902 1408 ferendum
925 1342 1112 1421 arbitramur,
1138 1363 1177 1405 en
1199 1339 1257 1405 tibi

119 1479 268 1522 summam
291 1463 321 1522 et
344 1459 474 1522 exitum!
518 1461 588 1522 Vere
612 1457 742 1522 divinam
767 1480 801 1522 eo
825 1459 973 1523 contineri
997 1458 1163 1521 doctrinam
1187 1476 1256 1519 oen-

117 1595 186 1650 seo,
221 1595 329 1658 quam,
362 1575 428 1658 ipso
451 1570 570 1637 volente
601 1594 635 1636 ao
664 1572 790 1658 jubente
813 1575 872 1637 Deo
896 1574 928 1638 0.
954 1575 1005 1649 hl„
1030 1569 1201 1655 aequalibus
1224 1591 1258 1633 ao

117 1689 250 1774 posteris
272 1686 421 1772 Propheta
443 1686 612 1769 tradiderit,
638 1692 726 1770 atque
749 1709 783 1751 ea
805 1686 981 1774 singulatim
1003 1686 1107 1750 futuro
1130 1686 1166 1751 de
1183 1691 1256 1749 tem·

109 1823 196 1888 ‚pore
220 1802 382 1884 vaticinia,
407 1823 483 1885 quae
506 1801 590 1865 nulla
613 1803 641 1864 ei
665 1802 850 1887 suggesserit
872 1801 1002 1866 humana
1029 1799 1167 1875 solertia,
1194 1798 1257 1882 ipse

118 1916 196 1981 adeo
221 1916 287 2000 ejus
308 1916 408 1979 animo
430 1916 604 2000 patefecerit
630 1917 683 1978 bei
707 1916 836 2001 Spiritus
860 1916 1080 1980 sanctissimus.
1129 1915 1253 1988 Verum,

107 2032 242 2101 ‚etiamsi
263 2030 340 2095 forte
362 2028 434 2094 haec
457 2030 557 2094 omnia
578 2052 663 2094 secus
685 2052 716 2093 se
740 2029 893 2112 haberent,
914 2051 948 2094 ac
970 2027 1066 2093 solum
1088 2028 1138 2092 hic
1160 2025 1257 2090 homi·

106 2166 193 2216 ,nem
216 2167 272 2209 suo
295 2145 331 2209 de
353 2145 436 2209 fonte
459 2144 564 2209 hausta
593 2146 755 2230 sapientiae
779 2145 892 2210 monita
918 2166 952 2208 ac
973 2148 1129 2228 praecepta
1152 2140 1257 2225 depro-

108 2265 255 2333 mentem
279 2259 462 2333 audiremus,
488 2257 537 2324 vel
560 2259 604 2322 sic
630 2264 729 2322 tamen
751 2256 841 2344 longe
864 2258 1074 2344 dignissimum
1097 2256 1177 2319 idem
1200 2254 1257 2318 hoc

124 2379 201 2439 esset
232 2374 397 2438 carminum
424 2372 586 2449 volumen,
616 2372 697 2456 quod
719 2372 756 2436 ab
779 2372 918 2437 omnibus
947 2373 1057 2436 iterum
1088 2372 1257 2453 iterumque

124 2487 291 2575 legeretur,
321 2489 375 2572 qui
404 2490 689 2572 praestantissimae,
721 2509 796 2571 quae
827 2508 958 2570 unquam
989 2485 1101 2566 fuerit,
1132 2487 1256 2549 Podseos

122 2602 342 2690 pulcritudine,
359 2602 554 2680 sublimitate,
575 2604 733 2668 divinitate
756 2609 876 2690 pectora
899 2604 956 2688 ipsi
978 2624 1031 2666 sua
1053 2622 1170 2687 pascere
1193 2601 1257 2665 vel-

121 2719 188 2785 lent
210 2726 242 2784 et
265 2719 423 2801 delectare,
449 2725 539 2803 atque
562 2719 598 2784 ad
620 2740 767 2805 generosa
792 2719 912 2802 quaevis
934 2722 965 2781 et
987 2717 1176 2804 magnanima
1195 2738 1258 2780 sec·

124 2835 216 2900 tanda
238 2831 402 2919 impellere.

170 3182 292 3256 Verum,
311 3179 384 3244 heus
402 3178 465 3242 Tul
491 3180 533 3243 ita
555 3200 603 3243 me
626 3200 687 3243 uon
708 3178 786 3244 nulli
809 3179 932 3245 forsitan
955 3178 1177 3263 compellabunt
1199 3179 1259 3243 lec·

122 3299 218 3376 tores,
242 3315 342 3358 nonne
364 3295 537 3377 importune
554 3294 646 3357 nimis
665 3299 794 3359 nostram
813 3299 912 3357 tentas
932 3295 1106 3378 patientiam
1126 3299 1156 3357 et
1173 3314 1257 3357 exer·

120 3431 184 3490 ces,
212 3410 266 3493 qui
289 3429 341 3493 per
359 3409 452 3492 ipsam
473 3407 564 3492 hujus
582 3407 640 3474 looi
663 3409 889 3494 inscriptionem
912 3407 1096 3472 Knobelii
1120 3408 1158 3470 de
1181 3428 1259 3471 oom-

123 3523 272 3588 mentatio
294 3528 324 3586 te
352 3522 516 3587 relaturum
539 3525 704 3609 receperis,
734 3522 796 3608 jam
819 3545 889 3588 vero
911 3523 954 3586 sic
976 3523 1012 3586 de
1035 3523 1175 3586 universo
1198 3523 1258 3586 dis-

123 3643 212 3725 putes
238 3637 365 3713 Jeaoi'd,
390 3659 424 3702 uc
447 3639 472 3702 si
501 3636 620 3702 nullum
645 3637 807 3702 Giessensis
834 3634 918 3699 illius
945 3635 1120 3699 professoris
1147 3634 1258 3700 librum

125 3757 241 3816 exstare
264 3750 312 3816 vel
333 3751 422 3815 fando
446 3751 615 3817 audiveris?
640 3789 680 3799 —
707 3752 762 3814 Cui
785 3771 855 3814 vero
884 3749 932 3814 vel
955 3750 1122 3834 quaestioni
1145 3749 1192 3814 vel
1215 3772 1259 3813 re·

124 3865 319 3951 prehensioni
331 3865 461 3930 modeste
479 3886 622 3950 reponere
634 3864 709 3929 mihi
728 3863 830 3945 liceat,
850 3863 930 3928 haud
946 3864 1165 3929 incommodam
1182 3885 1258 3948 quae

126 3980 261 4044 diximus
284 3980 362 4042 viam
385 4000 487 4064 parare
509 3979 604 4043 videri
627 3979 663 4042 ad
686 3978 743 4043 alia
767 3977 912 4061 quaedam
935 3977 1102 4054 monenda,
1131 3999 1206 4062 quae
1230 3983 1261 4042 et

127 4093 293 4179 Prophetae
323 4114 391 4156 cum
419 4093 665 4178 interpretatione
695 4098 726 4157 et
755 4089 946 4155 Knobelii
981 4112 1050 4155 cum
1080 4113 1168 4177 opere
1197 4113 1259 4156 uon

127 4207 223 4273 levem
247 4207 374 4273 habeant
397 4209 651 4293 conjunctionem.
701 4209 885 4289 Quamquam
908 4227 1012 4271 vereor
1038 4227 1076 4269 ne
1099 4227 1174 4289 quae
1197 4205 1260 4270 dic·

129 4329 216 4388 turus
240 4344 307 4388 sum
330 4324 428 4389 decuti
447 4325 563 4409 judicio
586 4345 647 4386 non
670 4322 758 4407 plane
781 4321 957 4406 probentur,
972 4380 974 4385 ,
991 4320 1066 4403 quin
1088 4321 1121 4383 in
1143 4320 1259 4404 gravio·

128 4460 190 4504 rem
206 4440 272 4523 ejus
288 4441 442 4504 incurrant
458 4439 659 4504 offensionem.
687 4436 743 4502 Ubi
758 4437 853 4523 igitur
869 4435 1031 4500 hodiernos
1050 4435 1131 4499 Sacri
1145 4433 1261 4498 Codicis

1103 4553 1119 4612 'l
