2828 4950
493 346 534 390 ne
556 344 757 390 uoratnnsro.
1147 332 1190 394 33

56 512 163 599 libris,
190 535 289 610 quam
308 509 528 583 doctrinarum
547 511 738 610 quarumvis
756 509 960 607 compendiis,
982 512 1192 588 obscuritatis

60 634 115 708 illa
148 634 232 707 solet
266 632 345 705 illini
380 632 516 706 macula.
568 634 655 721 Quid
682 632 771 733 quod
800 659 871 707 eam
897 660 939 707 ne
965 636 1033 733 ipsa
1060 639 1192 736 quidem

60 759 277 832 Ernestina
301 758 407 856 potuit
432 757 588 854 effugere,
616 758 765 856 quamvis
791 757 936 854 elegam,
963 762 1120 834 Institutio
1138 765 1193 834 Iu·

60 885 206 981 terpretis
230 882 319 954 Noui
347 883 562 953 Testamenti?

112 1007 252 1094 Verum,
280 1029 368 1076 nunc
393 1003 489 1076 etiam
511 1002 608 1076 sicuti
632 1027 668 1076 se
689 1003 771 1076 liber
793 1002 906 1094 habet,
930 1004 1048 1104 dignus
1073 1023 1136 1097 est,
1156 1026 1193 1082 ut

61 1129 160 1228 pauci
184 1129 252 1217 alii,
278 1126 350 1226 qui,
377 1125 419 1199 ab
442 1126 634 1224 aequalibus
658 1127 795 1223 posteris
815 1127 971 1214 traditus,
1004 1129 1121 1204 horum
1148 1134 1195 1231 ip-

60 1275 173 1325 sorum
200 1249 333 1347 adjuvet
358 1250 464 1322 studia
490 1275 528 1322 ac
554 1249 751 1322 moderetur.
802 1250 865 1322 Sed
887 1253 1007 1348 posteri
1031 1255 1109 1353 quid
1133 1257 1194 1328 sibi

61 1372 247 1447 laciendum
286 1373 328 1444 sit
363 1371 532 1445 videbunt.
594 1370 877 1445 Commilitonibus
913 1389 1016 1464 certe,
1055 1379 1193 1476 quibuS,

62 1495 221 1570 defuncto
245 1493 515 1593 Royaardsio,
540 1493 741 1594 aliquamdiu
769 1495 953 1570 academica
979 1499 1020 1572 de
1041 1502 1196 1575 cathedre

62 1618 184 1693 Christi
209 1616 379 1690 Societatis
403 1642 456 1690 res
483 1618 614 1689 narravi
642 1643 680 1692 ac
711 1619 793 1705 lata,
824 1620 865 1694 de
890 1622 1012 1720 optima
1037 1629 1113 1697 noth
1145 1652 1197 1700 me

63 1742 128 1816 hoc
154 1741 240 1814 illius
264 1739 508 1814 commendasse
527 1740 764 1838 Compendium
783 1769 846 1816 non
869 1746 1021 1841 poenitet.
1075 1750 1148 1833 Qua
1164 1751 1197 1822 in

63 1891 99 1941 re
122 1865 200 1938 mihi
226 1864 409 1936 consentire
432 1860 558 1960 gaudeo
579 1865 887 1951 Ter-Haarium,
914 1869 1028 1942 Virum
1055 1871 1197 1944 solertis-

62 1988 182 2062 simum
205 1986 411 2084 eundemque
438 1983 691 2057 eruditissimum
714 1987 784 2081 ejus
809 1988 1047 2064 Successorem.
1084 1994 1197 2090 Longe

63 2112 161 2211 plura
175 2097 276 2198 enim,
295 2134 392 2208 quam
411 2107 584 2204 profitetur
601 2109 781 2205 inscriptio,
802 2109 833 2180 in
852 2110 957 2210 iisque
973 2112 1062 2186 haud
1079 2141 1196 2212 pauca,

62 2237 255 2332 Doumatum
279 2233 457 2304 Historiam
477 2255 563 2329 quae
590 2230 769 2320 illustrant,
797 2258 836 2304 ex
860 2233 922 2307 hoc
950 2261 1049 2332 opere
1073 2241 1198 2338 percipi

64 2370 205 2457 possunt
226 2369 326 2455 atque
349 2354 492 2452 intelligi.
519 2356 594 2441 Quo
611 2355 675 2427 noli
694 2354 845 2430 dubitare
864 2359 943 2456 quin
963 2385 1197 2461 eorumquae

65 2479 222 2554 diuturno
249 2504 320 2553 sese
347 2479 455 2553 studio
486 2504 525 2553 ac
553 2480 760 2554 meditatione
789 2483 926 2556 ductori
961 2485 1198 2583 probaverant,

64 2628 196 2678 summa
222 2602 427 2676 contineatur
447 2628 485 2675 ac
506 2602 656 2676 medulla.
708 2603 847 2693 Audias,
868 2630 1005 2704 quaeso,
1036 2609 1116 2708 quid
1140 2635 1198 2683 ve-

63 2727 191 2801 rissime
212 2725 299 2799 dicat
323 2725 400 2824 ipse.
452 2725 652 2824 nllelipiouis
674 2727 748 2821 suta
770 2742 800 2798 et
821 2729 1016 2821 Ecclesiae,'’
1040 2733 1100 2821 ait,
1126 2736 1200 2805 situ

64 2851 272 2950 »plerumque
291 2849 415 2922 tradere
439 2864 565 2922 coaetus
588 2875 667 2938 sum,
688 2864 723 2920 ut
743 2866 853 2923 mutua
870 2854 953 2926 ratio
976 2869 1007 2926 et
1023 2857 1197 2944 viaculum,

63 2997 170 3072 nqueo
186 2972 318 3044 diversa
333 2973 405 3067 sata
416 2973 658 3069 conparauerunt,
677 2974 817 3044 manime
830 3001 1015 3072 propressus
1030 2980 1198 3070 notionum,

63 3095 289 3193 »dogmatum
324 3120 444 3182 reram,
477 3118 542 3166 aaa
567 3119 636 3164 curu
664 3095 803 3191 oripiae,
829 3097 932 3169 iaalole
963 3114 993 3169 et
1024 3101 1198 3197 effectibus,

64 3243 166 3317 »quos
201 3218 392 3303 habueruut,
418 3217 562 3315 quamuis
590 3216 723 3286 breuiter
756 3233 1082 3314 repraesentarentur,
1107 3223 1201 3320 idque

62 3343 154 3432 sita,
172 3355 207 3412 at
223 3365 407 3438 propressus
427 3339 599 3437 Relipiouis
620 3353 650 3408 et
672 3340 833 3412 Ecclesiae
856 3341 929 3415 Chr.
948 3343 989 3414 ab
1005 3345 1201 3418 incunabulis

65 3466 166 3538 »iude
194 3465 238 3537 ud
262 3479 370 3537 nostre
400 3490 494 3561 usque
527 3478 666 3561 tempore
691 3462 789 3560 dipito
808 3465 1008 3539 iudiearem.”
1059 3470 1111 3540 En
1142 3469 1201 3541 tibi

68 3590 139 3689 ipsa
160 3613 264 3687 paene
285 3588 371 3660 illius
392 3587 489 3659 verba
506 3587 575 3684 (lll
616 3587 718 3682 Cujus
742 3584 782 3658 de
802 3585 885 3659 libro
906 3588 1029 3661 clarum
1048 3589 1199 3689 aliquem,

68 3711 125 3811 qui
154 3711 196 3782 ab
229 3710 291 3782 hac
316 3709 386 3806 ipsa
414 3708 561 3780 doctrina
588 3706 674 3805 apud
709 3710 891 3781 Germanos
919 3710 1109 3784 nobilitatus
1133 3729 1199 3803 est,

66 3832 270 3932 Theologum
295 3833 340 3906 ita
360 3831 523 3930 judicasse
544 3831 740 3930 accepimus,
764 3845 801 3903 ut
822 3831 947 3904 nullum
971 3832 1070 3930 hujus
1092 3835 1202 3906 Histo-

67 3956 135 4031 riae
151 3956 388 4056 Compendium
411 3980 447 4028 se
465 3955 593 4028 novisse
613 3955 804 4042 affirmaret,
821 3981 902 4054 quo,
922 3956 1047 4030 tantillo
1068 3958 1200 4056 quidem

67 4079 260 4180 paginarum
280 4104 428 4164 numero,
447 4092 495 4150 tot
514 4077 655 4175 optimae
673 4078 775 4176 leugis
793 4079 925 4151 notitiae
945 4079 1198 4152 continerentur.

65 4204 143 4289 Quo
168 4201 254 4274 illius
278 4201 401 4298 judicio
427 4199 506 4271 nihil
533 4201 641 4273 verius
667 4227 738 4275 esse
764 4201 921 4275 existimo.

66 4385 234 4399 .————

105 4478 154 4551 (t)
172 4475 241 4534 Vid.
262 4476 339 4532 Fusc.
360 4475 392 4531 11
412 4477 498 4547 praef.
519 4493 616 4532 versus
636 4476 728 4532 finem.
