2782 4958
129 330 174 394 30
618 351 766 394 massario

125 519 353 614 jecturasque,
380 541 478 614 quam
506 515 677 603 subtilem,
699 541 784 614 quae
802 517 985 590 reconditos
1007 531 1135 591 erueret
1152 520 1228 592 reclu-

128 638 285 739 deretque
317 641 388 738 ejus
415 642 529 736 fontes,
558 641 716 713 lectorum
745 657 777 714 et
803 656 980 715 eventuum
1011 641 1229 740 indagationem.

126 768 238 865 Atque
264 766 380 852 iidem,
405 768 465 839 etsi
491 792 599 839 rerum
629 783 793 863 gestarum
820 768 851 838 in
876 767 1092 865 explicatione
1113 793 1173 839 non
1191 793 1232 840 ne·

127 889 277 987 gligenda
301 915 373 962 esse
395 889 523 961 diversa
545 890 685 987 pontium
700 889 806 960 studia
828 889 979 962 lubenter
1000 889 1195 979 fatebantur,
1209 915 1235 962 ae

127 1013 339 1110 probabiliter
364 1013 405 1085 de
437 1013 475 1084 iis
500 1012 543 1084 ab
569 1013 762 1085 Heusdio
787 1013 872 1085 dicta
900 1012 1100 1100 laudabant,
1126 1013 1235 1091 nimium

126 1152 234 1209 tamen
254 1135 394 1209 subinde
411 1136 448 1208 iis
468 1136 554 1210 illius
572 1137 603 1207 in
621 1136 782 1208 auditorio
800 1136 900 1209 tribui
920 1153 1083 1235 putarent,
1098 1163 1156 1211 uec
1170 1152 1237 1211 recte

126 1259 167 1333 ad
187 1260 365 1359 permultos
384 1275 567 1359 temporum
587 1261 837 1359 praeteritorum
856 1260 960 1332 nodos
975 1261 1149 1334 solvendos
1161 1277 1237 1360 atque

126 1385 309 1483 aenigmata
329 1410 368 1458 ea
394 1386 532 1458 conlerri
556 1398 655 1484 atque
679 1384 835 1458 adbiberi.
863 1425 903 1437 -
929 1385 1090 1484 Equidem
1114 1385 1236 1483 Magistri

130 1509 237 1606 (cujus
258 1535 425 1608 nunquam
449 1536 512 1581 non
533 1510 647 1581 merita
668 1510 813 1607 suspexi)
835 1510 1026 1606 sapientiam
1049 1535 1123 1582 curn
1143 1510 1178 1580 iis
1192 1534 1236 1580 non

128 1659 199 1707 esse
216 1633 477 1706 confundendam
495 1633 654 1718 arbitror,
675 1658 760 1731 quae
777 1633 885 1705 minus
902 1632 1107 1706 considerate
1123 1631 1238 1704 subinde

128 1759 199 1855 ejus
223 1756 375 1830 dixerunt
398 1757 567 1854 Discipuli.
618 1759 768 1842 Quorum
789 1756 963 1829 nonnullos
983 1758 1028 1829 ita
1048 1757 1081 1828 in
1101 1757 1238 1830 exteriore

128 1879 294 1953 doetrinae
312 1879 433 1952 cortice
451 1904 489 1952 ao
506 1879 611 1951 forma
628 1877 818 1951 admiranda
835 1879 977 1951 haesisse
994 1885 1100 1977 eaque
1117 1880 1240 1977 impenso

129 2002 348 2102 praedicanda
374 2002 504 2075 sibimet
529 2003 649 2100 ingenii
678 2000 806 2075 laudem
833 2002 1051 2100 quaesivisse,
1080 2018 1116 2076 ut
1141 2002 1180 2076 ad
1201 2003 1240 2075 in·

128 2128 280 2222 teriprem
303 2152 411 2200 rerum
435 2125 609 2199 medullam
636 2152 701 2198 non
728 2141 949 2224 penetrarent,
968 2151 1055 2198 nunc
1081 2141 1178 2215 certe,
1194 2125 1241 2196 loo

129 2250 285 2348 temporis
307 2249 497 2338 intervallo,
522 2249 632 2347 paullo
659 2249 851 2347 prudentior
875 2274 969 2323 nemo
997 2248 1091 2321 lacile
1118 2247 1239 2347 negabit

127 2375 177 2446 Ac
203 2374 350 2473 prolecto
376 2371 523 2445 miraculi
545 2373 646 2445 instar
668 2386 771 2459 esset,
795 2373 840 2460 si,
863 2372 953 2471 quod
975 2371 1051 2444 alibi
1069 2375 1192 2472 passim
1209 2397 1238 2444 ex

128 2499 222 2571 simili
246 2498 479 2596 praestantium
506 2496 698 2596 quorumvis
722 2495 934 2569 admiratione
957 2499 1136 2570 Doctorum
1160 2495 1240 2570 exsti*

128 2623 205 2694 tisse
230 2622 397 2709 novimus,
423 2620 661 2720 imprudentius
688 2619 832 2691 imitandi
860 2620 1002 2695 studium
1030 2646 1127 2694 secus
1149 2621 1198 2693 blo
1214 2640 1241 2690 ss

128 2745 307 2817 habuisset.
347 2746 430 2816 Sunt
449 2743 533 2816 enim
557 2758 646 2816 certa
668 2742 828 2842 quaedam
850 2742 981 2816 sanotae
1007 2744 1101 2844 quasi
1121 2743 1242 2832 sinodo,

129 2891 232 2966 quae,
264 2882 301 2940 ut
324 2892 476 2966 quaeque
501 2866 694 2940 celebratior
723 2882 772 2939 est
799 2867 960 2966 nobisque
991 2869 1098 2940 canor
1121 2867 1242 2955 Schola,

128 2967 178 3063 ita¹
201 2990 425 3064 vehementius
451 3018 510 3064 nos
537 2990 730 3063 constrictos
755 3004 880 3079 tenent,
910 2991 1031 3091 quibus
1063 2993 1160 3090 plane
1188 3014 1245 3064 sese

127 3139 247 3187 exuere
273 3140 439 3213 nunquam
462 3115 530 3187 lere
545 3114 715 3211 juvenilis,
734 3140 773 3186 ac
794 3139 834 3186 ne
855 3139 984 3213 semper
1003 3114 1136 3214 quidem
1157 3114 1248 3188 uirilis

128 3253 178 3311 est
202 3239 299 3310 animi
323 3252 422 3337 atque
442 3237 483 3309 ad
504 3236 616 3334 judicii
638 3238 854 3334 integritatem
876 3234 1068 3310 confirmati.
1096 3239 1247 3324 Quocirca

127 3362 168 3436 ad
190 3377 334 3436 caeteras
355 3360 592 3460 Royaardsii
621 3360 734 3434 laudes
758 3361 839 3434 baec
859 3362 911 3434 vel
937 3361 1077 3434 maxima
1097 3362 1175 3433 mibi
1199 3385 1247 3434 ac·

127 3487 263 3558 cessisse
288 3484 431 3572 videtur,
456 3484 561 3582 quod,
590 3485 769 3557 maturiore
793 3484 951 3582 imprimis
980 3498 1086 3559 aetate
1113 3511 1153 3559 ac
1178 3485 1248 3558 doc-

128 3609 228 3698 trina,
253 3608 483 3707 praejudicatis
505 3607 683 3704 ejusmodi,
710 3607 814 3680 aliene
838 3633 878 3681 ex
899 3608 1093 3681 auctoritate
1115 3607 1247 3694 haustis,

128 3732 336 3830 opinionibus
371 3731 511 3804 liberum
546 3735 624 3805 eum
655 3734 906 3830 cognoverimus
937 3748 1037 3833 atque
1069 3734 1247 3808 immunem.

127 3857 223 3929 Nunc
246 3855 329 3927 enim
356 3881 464 3928 rerum
491 3856 522 3926 in
546 3856 694 3929 Ecclesia
715 3870 880 3954 gestarum
904 3857 1059 3952 originem
1082 3857 1124 3929 ab
1146 3855 1249 3930 altissi-

128 3979 188 4050 mis
212 3977 400 4076 quibusque
423 3979 520 4050 initiis
540 3980 709 4077 repetebat
726 4006 764 4052 ac
782 3980 965 4078 principiis,
988 4006 1048 4053 nec
1072 3981 1105 4053 in
1130 3993 1247 4080 reperto

126 4127 332 4190 caussarum,
357 4101 444 4174 unde
464 4101 651 4192 fluxissent,
673 4130 739 4176 uno
759 4104 868 4202 aliquo
890 4128 1028 4201 genere,
1047 4106 1185 4176 caeteris
1204 4129 1248 4176 er·

126 4227 225 4298 clusis
247 4239 303 4298 aut
331 4225 502 4323 neglectis,
529 4227 767 4324 acquiescebat.
820 4230 865 4299 Et
885 4253 964 4299 vero
987 4228 1108 4301 veteris
1131 4229 1202 4300 aevi
1221 4226 1247 4298 iv

125 4350 364 4438 Monumentis‚
390 4349 538 4447 quamvis
559 4350 678 4446 jejunis
705 4351 858 4448 lectuque
878 4351 927 4423 vel
951 4351 1095 4424 molestis
1114 4352 1164 4424 vel
1186 4364 1246 4423 tae-

127 4472 244 4560 diosis,
270 4486 302 4544 et
327 4471 535 4546 consulendis
559 4487 591 4546 et
616 4473 726 4547 critice
749 4473 934 4572 judicandis
956 4475 999 4548 ita
1018 4476 1084 4571 jam
1108 4473 1246 4549 versaba-
