2782 4958
613 336 779 380 censuras.
1223 314 1265 374 55

136 504 346 582 tiibkerus,
372 505 460 588 cujas
482 503 573 568 etiam
594 503 691 588 ipsius
712 504 818 568 auditu
840 503 967 589 diguam
983 506 1029 566 est
1043 500 1263 573 testimonium,
1343 526 1348 532 ·

132 620 166 686 sb
193 623 322 686 ineunte
348 640 444 704 usque
474 618 511 682 ad
540 622 699 683 exeuntem
726 617 837 682 librum
860 617 905 680 sio
933 615 1047 700 ubique
1074 635 1188 678 sacram
1215 611 1267 676 hic

131 733 274 820 explicari
292 733 449 799 historiam
468 731 637 807 affirmaret,
650 737 686 796 ut
708 734 834 796 essert
856 731 915 795 fide
929 729 1053 796 Christo
1075 725 1180 792 habiit
1202 747 1266 790 ma·

84 911 101 920 ,
130 851 217 914 ntsse
246 848 525 934 interpretationem
559 845 702 911 eluceret.
750 845 941 930 Quamquam
970 865 1053 909 nuuc
1084 844 1173 908 etiam
1205 862 1267 906 nou

130 964 202 1028 satis
224 961 341 1047 ubique
363 959 423 1026 sibi
446 960 618 1026 constitisse
642 960 753 1025 Virum
776 962 1015 1039 meritissimum,
1041 963 1131 1044 atque
1145 957 1179 1021 in
1197 956 1266 1021 Cri·

130 1078 206 1142 tices
228 1077 346 1142 altioris
367 1074 596 1160 quaestionibus
618 1072 745 1140 subinde
775 1074 991 1151 fluctuantem,
1016 1071 1176 1157 aliquando
1198 1092 1266 1157 mp-

130 1192 192 1256 ttos
214 1192 248 1256 iu
270 1190 508 1276 Euangeliorum
538 1190 727 1255 narrationes
759 1185 911 1254 inculcare
944 1187 1114 1262 studuisse,
1149 1204 1266 1250 summo

126 1307 194 1391 jure
217 1304 300 1371 dolet
321 1305 437 1371 Oensor
459 1326 494 1370 ec
515 1303 709 1390 reprehendit
730 1303 791 1389 (l).
840 1302 940 1368 Nobis
954 1302 1077 1386 quidem
1093 1322 1130 1365 cx
1145 1299 1199 1364 tali
1214 1297 1267 1362 ille
1356 1392 1359 1397 .

129 1441 162 1486 ae
185 1425 248 1485 tam
269 1419 393 1485 salutari
416 1441 559 1485 sensnum
574 1419 849 1503 sententiarumque
865 1417 1061 1483 conversione
1076 1413 1184 1480 blanda
1200 1433 1267 1498 spes

130 1535 242 1602 affulsit
263 1534 328 1600 fore
351 1539 399 1615 ut,
425 1534 451 1598 si
474 1535 594 1619 quanda
624 1535 717 1599 restiti
745 1534 878 1598 editions
908 1532 1145 1618 Euangeliornm
1172 1531 1265 1593 iuter·

129 1649 259 1734 prelatio
281 1653 446 1734 repetatur,
471 1648 555 1714 nulla
576 1647 705 1732 amplius
726 1648 847 1732 pristini
870 1647 1059 1732 Sceptieismi
1084 1666 1119 1709 ac
1143 1644 1264 1730 gravis·

130 1763 213 1828 simis
234 1763 269 1827 in
291 1760 382 1828 rebus
403 1762 623 1828 inconstantiae
646 1763 776 1847 uestigia
799 1764 976 1826 remansisse
1000 1766 1147 1846 apparent.

170 2095 218 2160 ux
241 2096 385 2162 instituto
405 2118 439 2160 ac
462 2098 580 2161 naviter
602 2101 781 2165 condrusto
802 2099 896 2165 hocce
914 2121 1003 2184 opere
1026 2097 1164 2183 quamvis
1180 2115 1261 2180 mag·

130 2233 182 2276 uos
204 2210 372 2296 uberesque
393 2210 492 2276 laudis
514 2213 632 2279 tructus
654 2216 837 2300 percepisset
861 2219 990 2287 Arcton
1016 2213 1135 2276 tandem
1162 2216 1264 2274 tamen

129 2327 158 2390 iu
180 2328 268 2411 pensi
291 2326 473 2410 honorisque
496 2329 682 2394 consortium
701 2329 839 2414 juniores
861 2329 977 2413 sliquos
999 2327 1143 2391 advocare
1166 2325 1264 2389 socios

129 2446 215 2526 atque
237 2441 392 2526 adjutores
414 2441 584 2506 consultum
608 2443 708 2508 dasii.
758 2442 848 2514 Quod
872 2441 1030 2506 eonsilium
1054 2461 1123 2505 cum
1150 2463 1187 2504 ex
1211 2439 1265 2504 ad·

128 2557 222 2620 aucus
245 2557 397 2620 exstitisse
418 2557 592 2642 gravissimi
612 2558 760 2641 muneris,
780 2557 860 2641 qnod
877 2556 1027 2641 Meyero
1050 2554 1261 2619 demandatum

127 2676 205 2746 crat,
236 2670 504 2755 occupationibus,
538 2679 602 2736 turn
638 2695 675 2737 ex
706 2673 805 2736 officio
835 2692 927 2736 noras
950 2670 1114 2734 identidem
1138 2669 1262 2754 parandi

126 2783 262 2850 Partinm
289 2785 351 2868 jam
382 2784 573 2871 vulgaturum
596 2786 762 2866 editiones,
797 2786 1007 2852 brevissimum
1030 2790 1149 2861 narrat,
1180 2784 1260 2869 quod
1356 2811 1361 2816 ·

124 2900 338 2964 commentario
360 2900 394 2964 in
417 2899 558 2984 epistolas
579 2902 623 2992 ud
646 2886 924 2968 Thessalonicenses
935 2901 1132 2986 praemissum
1148 2884 1257 2973 eistat,

122 3014 284 3077 monitum.
320 3012 519 3096 Reliquorum
541 3012 621 3078 enim
644 3014 729 3079 Novi
749 3015 894 3081 Foederis
916 3015 1062 3081 librorum
1085 3014 1258 3100 explicatio·

120 3148 191 3192 nem
223 3126 316 3190 nimis
344 3127 398 3191 diu
421 3126 537 3192 differri
568 3148 602 3192 ac
634 3129 779 3194 retardari
809 3151 871 3195 nou
901 3131 997 3215 magis
1026 3131 1091 3214 ipse
1121 3126 1257 3204 volebat,

120 3263 212 3326 quam
236 3240 313 3305 velle
334 3241 462 3306 lectores
484 3247 679 3326 compererat.
724 3246 772 3308 Ac
802 3265 940 3328 magnam
975 3265 1047 3306 sane
1070 3242 1155 3327 longi
1178 3241 1258 3324 ejus·

121 3357 251 3441 demque
274 3355 405 3420 difficilis
419 3357 540 3420 itineris
554 3362 669 3441 partem
685 3379 741 3421 suo
757 3356 857 3421 Marte
881 3357 1009 3422 feliciter
1024 3377 1163 3420 emensus
1179 3363 1255 3430 erat;

125 3549 266 3562 ——-

154 3680 338 3733 Commentarii
353 3681 381 3730 in
398 3679 489 3731 Joarra.
505 3680 621 3747 Eueno,
639 3678 699 3731 idid.
717 3679 829 3744 primum
847 3694 872 3732 a.
894 3683 959 3730 leat
982 3679 1082 3738 emissi,
1106 3678 1254 3743 nuperrime

122 3776 232 3832 demum,
252 3780 363 3823 exeunte
381 3773 433 3823 fere
449 3790 474 3825 a.
497 3778 572 3832 1852,
592 3788 658 3824 nova
674 3775 771 3824 exstitit
793 3776 882 3837 editio,
905 3789 972 3840 quse
993 3773 1118 3824 excudam
1135 3789 1163 3824 se
1179 3774 1254 3838 proti·

123 3873 189 3916 tetur
204 3880 235 3916 ac
249 3864 323 3929 piune
338 3874 497 3916 raraetatuar.
531 3865 692 3930 Quamquam
711 3869 754 3917 diu
771 3880 847 3919 antea
855 3868 909 3932 jam
926 3869 962 3917 its
974 3867 1041 3931 typis
1051 3867 1186 3931 repetitum
1199 3881 1253 3917 esso

122 3971 184 4022 opus
200 3963 288 4008 monet
304 3957 413 4019 Auctor,
433 3965 462 4008 ut
479 3960 558 4019 hanc,
578 3974 643 4022 qaae
660 3961 742 4011 nullis
757 3961 870 4026 expolita
886 3967 952 4012 esset
969 3959 1043 4010 novis
1058 3961 1141 4019 curis,
1162 3962 1254 4025 repeti·

122 4048 214 4099 tionem
230 4047 328 4100 adamas
340 4048 447 4100 editionis
464 4052 706 4102 nomiuedicendam
715 4067 767 4102 non
780 4054 917 4117 putaverit.
955 4050 1082 4117 Quicquid
1096 4053 1137 4112 sit,
1148 4050 1253 4102 Ioannis

123 4144 195 4194 etiam
212 4145 388 4209 interpretatio
407 4143 494 4194 multis
505 4143 561 4207 jam
577 4144 691 4208 partibus
709 4147 841 4194 emendata
857 4151 949 4194 exstat.

156 4237 192 4299 (1)
208 4237 271 4287 Vid.
286 4235 370 4287 uria.
395 4236 539 4294 Ltibker,
563 4237 590 4286 in
607 4236 741 4287 Reateri
757 4235 815 4301 clip.
838 4235 937 4301 Rapere.
955 4234 1009 4286 rer.
1029 4240 1100 4286 1848.
1118 4251 1142 4300 p.
1164 4241 1171 4284 l
1193 4249 1248 4300 sqq.

126 4327 161 4380 Of.
176 4332 265 4397 paullo
280 4333 380 4382 diverso
397 4331 423 4380 in
440 4345 533 4394 genere
550 4344 668 4392 censura,
685 4335 788 4381 auctore
803 4329 837 4380 cl.
855 4329 962 4388 Flecte,
979 4329 1005 4378 in
1021 4325 1085 4378 dect
1095 4326 1249 4378 Haesisset.

127 4425 191 4476 ad.
208 4424 243 4477 K.
264 4424 298 4477 Z.
319 4429 393 4484 184⁷,
413 4423 460 4475 N‘·
477 4428 520 4482 26,
540 4427 580 4475 27.
