2828 4950
136 356 202 416 lca
528 374 568 417 nn
592 374 690 416 aaran
714 372 878 417 nurnncrrs

142 541 269 624 majores
303 537 459 615 redderet,
495 544 524 602 et
554 539 591 602 ad
623 540 696 603 alios
730 541 761 602 in
799 541 923 603 Domini
957 542 1129 605 societatem
1165 560 1278 627 aggre·

143 654 259 739 gandos
282 653 441 716 efficaciter
465 652 631 737 impelleret
644 654 703 738 (1).
723 689 762 699 —
777 654 844 717 Nec
867 676 949 727 vero,
967 655 1087 739 quando
1103 656 1140 718 de
1157 657 1278 720 Gnos-

141 770 330 845 ticorum,
367 789 442 851 quac
474 773 561 830 acute
593 766 800 841 declaraverit,
837 768 967 831 decretis
997 791 1089 852 pauca
1126 770 1275 848 diximus,
1314 774 1321 785 ‘

142 881 458 964 Antignosticum
481 879 568 963 plane
585 881 732 943 intactum
749 879 917 963 relinquere
942 903 1111 964 possumus:
1138 882 1188 946 cui
1211 882 1277 966 pal·

143 997 218 1059 mari
238 995 321 1079 uperi
344 993 583 1058 Tertulliani
607 995 759 1078 proposita
783 1001 828 1057 est
852 984 998 1079 cognitio.
1040 996 1179 1059 Arduum
1205 1016 1279 1058 sane

87 1087 97 1093 “
141 1132 178 1174 11
216 1111 336 1174 difficile
375 1131 522 1193 pensum,
563 1111 598 1172 ad
637 1110 832 1174 deterrendos
871 1109 1145 1184 accommodatius,
1185 1130 1278 1193 quam

142 1226 177 1288 ad
201 1225 384 1300 alliciendos,
410 1225 547 1307 quamvis
569 1223 674 1286 doctos
698 1231 786 1306 atque
809 1224 1002 1298 exercitatos,
1037 1222 1174 1286 Vitarnm
1198 1223 1278 1287 Nar·

139 1346 263 1404 ratores.
315 1338 609 1423 Carthaginiensium
642 1339 722 1400 enim
756 1337 839 1400 illius
874 1337 1013 1421 Episcopi
1044 1339 1070 1399 si
1104 1339 1180 1403 dura
1215 1344 1287 1401 erat'

140 1462 230 1538 atque
252 1455 373 1518 inficeto
397 1458 427 1515 et
449 1452 604 1514 intellectu
628 1452 770 1526 difficilis,
798 1453 941 1515 Africana
970 1452 1071 1534 potius
1101 1472 1190 1536 quam
1214 1452 1277 1515 La·

141 1570 223 1646 tina,
257 1569 361 1652 lingua
392 1572 423 1630 11
452 1569 560 1645 oratio;
580 1566 711 1628 docilius
740 1574 839 1629 tamen
869 1565 945 1628 hanc
968 1566 1152 1650 expedietis,
1186 1587 1279 1649 qnam

141 1686 299 1778 animpm,
333 1682 494 1744 altissimos
518 1679 677 1742 habentem
702 1701 857 1757 recessus,
892 1678 944 1741 nbi
969 1700 1095 1762 magna,
1126 1699 1184 1741 uec
1206 1698 1279 1742 vero

140 1797 199 1861 sibi
223 1797 401 1871 constantia,
427 1774 638 1869 solvebantur;
663 1816 752 1878 quam
776 1796 902 1878 placito,
928 1815 1056 1876 quorum
1081 1791 1159 1855 haud
1184 1813 1280 1876 pauca

143 1932 291 1994 oupmoro
314 1930 384 1971 vere
408 1909 572 1984 vocaveris,
599 1929 686 1969 sanae
712 1907 819 1968 mentis
842 1929 876 1968 ac
897 1907 1059 1990 sapientiae
1076 1907 1192 1970 semina
1212 1908 1278 1971 dic·

142 2030 256 2101 torum,
289 2040 364 2104 quae
398 2021 493 2102 primo
523 2020 640 2082 intuitu
672 2020 771 2103 inepta
801 2021 954 2101 videntur,
989 2021 1155 2085 involucris
1177 2023 1278 2087 occul·

143 2135 249 2199 tantia.
299 2131 383 2202 Quas
405 2133 539 2215 profecto
563 2133 710 2215 ejusmodi
734 2155 798 2197 esse
822 2143 943 2219 apparet
970 2136 1171 2216 difficultates,
1202 2159 1280 2221 quae

144 2246 181 2311 ab
213 2268 273 2310 uno
312 2249 449 2328 quamvis
488 2248 608 2311 erudito
642 2247 763 2311 homine
795 2251 942 2313 removeri
977 2256 1127 2334 nequeant
1158 2273 1275 2316 omnes.

144 2363 260 2426 Verum
291 2363 384 2424 iniis
419 2362 590 2426 minuendis
614 2368 645 2426 et
666 2364 885 2447 quodammodo
916 2370 997 2427 certe
1027 2367 1204 2449 superandis
1227 2390 1278 2430 nc·

146 2474 257 2541 minem
280 2475 366 2539 facile
389 2477 512 2539 meliore
528 2499 667 2542 successu
683 2485 833 2542 versatum
849 2500 925 2555 esse,
943 2499 1032 2561 quarn
1048 2479 1277 2561 Neandrum,

143 2591 318 2676 peritissimi
341 2591 453 2673 quique
478 2592 671 2655 consentiunt
695 2578 799 2657 barum
825 2614 923 2657 rernm
948 2592 1051 2657 arbitri
1077 2592 1141 2678 (2).

187 2878 272 2940 Haec
294 2878 402 2962 igitur,
429 2899 517 2960 quam
541 2879 716 2944 brevissime
742 2882 959 2958 recensuimus,
995 2882 1140 2965 majorum
1166 2883 1198 2945 iu
1223 2882 1278 2946 hoc

143 3047 286 3056 -—-—-

127 3162 131 3170 .
179 3139 215 3201 (1)
234 3138 335 3189 Dicitur
354 3154 431 3205 opus:
450 3136 681 3202 Dcnkwitrtiplcciten
698 3158 742 3190 aas
762 3142 805 3192 der
825 3140 962 3193 Geschr‘cbta
983 3142 1024 3192 das
1048 3141 1233 3192 Christcntbnms
1254 3160 1278 3192 u.

144 3231 185 3282 des
205 3231 300 3282 carisa.
321 3212 427 3294 Leonis,-
452 3233 535 3283 Berol.
557 3238 730 3281 lara-1828.
766 3232 853 3283 Tertia
876 3249 956 3298 eaque
975 3236 1106 3284 emendata
1129 3236 1223 3296 editio,
1249 3250 1280 3285 cx

144 3328 194 3389 qua
212 3327 336 3376 nonnulla
354 3327 453 3376 sublata
471 3334 545 3384 sunt,
569 3329 631 3376 olim
650 3344 665 3376 a
683 3327 865 3376 Tholnckio
890 3327 997 3390 aliisque
1022 3327 1126 3385 collatu,
1153 3329 1206 3378 alia
1224 3343 1281 3378 vero

144 3420 287 3479 substituta,
307 3418 398 3469 Hamb.
417 3427 442 3468 et
460 3418 558 3469 Gothae
576 3420 680 3482 vulgata
698 3428 744 3477 est,
764 3433 787 3467 a.
808 3425 880 3469 1845.
902 3425 976 3469 1846.
995 3420 1037 3469 111
1052 3420 1148 3469 Tomis.
1184 3421 1281 3471 1111111-

144 3514 243 3563 laodice
260 3515 368 3577 primam
387 3513 427 3561 ed.
444 3519 593 3562 convertere
612 3515 738 3576 inceperat
756 3510 787 3561 G.
807 3511 840 3561 N.
859 3513 1023 3574 Muutiugr
1049 3512 1165 3570 tertiam,
1185 3514 1282 3578 optimo

146 3621 272 3663 successu,
292 3608 385 3669 passim
403 3605 567 3668 probantibus
585 3606 710 3654 librorum
730 3603 893 3662 Censoribus,
914 3611 1024 3652 nostram
1043 3603 1069 3651 iu
1087 3604 1204 3666 linguam
1223 3619 1280 3654 cou-

146 3705 245 3747 vertera
264 3700 358 3761 incepit
380 3697 409 3745 V.
429 3696 457 3744 F.
473 3697 500 3747 J·
522 3697 724 3750 Boouaclrerr
744 3696 863 3745 Roterod·
888 3699 960 3745 1847.

182 3791 223 3851 (2)
241 3787 281 3837 Eu
299 3790 439 3853 pleniorem
457 3791 516 3839 libri
528 3791 730 3853 inscriptionem:
748 3789 935 3853 Antiquostr'cus,
955 3785 1027 3837 Geiat‘
1038 3787 1080 3836 des
1091 3784 1282 3857 'Tertulliau

147 3899 171 3929 u.
186 3880 253 3930 Einl.
270 3898 300 3931 za
311 3882 393 3930 derasa
410 3880 541 3946 Sclarr'flcn,
556 3882 597 3931 mit
609 3882 713 3932 11111111.
725 3899 748 3931 a.
766 3881 917 3947 dopmeabist.
941 3880 1159 3946 Ueteraaclanpen;
1172 3887 1283 3948 primum

149 3975 235 4023 Berol.
257 3978 330 4033 1825,
349 3983 402 4023 tum
420 3975 510 4033 altera,
530 3983 652 4039 exparte
675 3977 818 4032 retractata,
842 3975 965 4045 editione,
985 3973 1044 4023 ibid.
1065 3979 1140 4025 1849.
1178 3976 1238 4039 Qut
1253 3979 1283 4032 de

150 4070 188 4117 ed.
206 4081 267 4132 prae
285 4069 390 4115 cacteris
402 4069 572 4117 consulendus
591 4064 658 4116 Car.
675 4067 742 4117 Jos.
764 4067 891 4124 Hesole,
910 4064 1196 4131 rn(Tasa9.1<aaoz.)
1215 4067 1282 4118 theol.

150 4157 346 4222 Quartnbclrrr'fi,
368 4159 483 4208 xxxn.
504 4166 528 4208 a.
550 4161 636 4222 (1850)
656 4177 681 4223 p.
703 4165 752 4208 331
771 4175 824 4223 sqq.
861 4157 912 4218 Qui
930 4159 1011 4208 multa
1033 4161 1136 4223 quidam
1153 4162 1243 4225 pulcre
1259 4168 1284 4211 et

150 4262 217 4305 recte
234 4253 301 4301 dicta
317 4252 419 4306 laudata
438 4253 517 4302 multa
536 4268 605 4311 vero,
626 4267 690 4316 quaa
708 4254 795 4302 abesse
814 4268 865 4302 nou
890 4253 1044 4312 debuerant,
1068 4253 1207 4303 desiderari
1223 4269 1284 4304 cou-

151 4347 275 4410 queritur.
310 4343 359 4394 Sed
385 4361 462 4408 qnam
485 4348 578 4395 misera
599 4347 713 4409 corporis
737 4353 813 4409 atque
834 4346 967 4395 oculorum
991 4345 1115 4408 imprimis
1140 4347 1284 4398 conditione

152 4439 277 4498 utebatur,
297 4437 390 4488 librum
408 4438 451 4487 ubi
466 4439 624 4496 retractabat,
644 4437 755 4490 Auctorl
