<?xml version="1.0" encoding="UTF-8"?>
<!DOCTYPE html PUBLIC "-//W3C//DTD XHTML 1.0 Transitional//EN"
    "http://www.w3.org/TR/xhtml1/DTD/xhtml1-transitional.dtd">
<html xmlns="http://www.w3.org/1999/xhtml" xml:lang="en" lang="en">
 <head>
  <title>
</title>
<meta http-equiv="Content-Type" content="text/html;charset=utf-8" />
  <meta name='ocr-system' content='tesseract 3.04.00' />
  <meta name='ocr-capabilities' content='ocr_page ocr_carea ocr_par ocr_line ocrx_word'/>
</head>
<body>
  <div class='ocr_page' id='page_1' title='image "./chartaetheologi00boumgoog_0169.png"; bbox 0 0 2782 4958; ppageno 0'>
   <div class='ocr_carea' id='block_1_1' title="bbox 146 320 883 399">
    <p class='ocr_par' dir='ltr' id='par_1_1' title="bbox 146 320 883 399">
     <span class='ocr_line' id='line_1_1' title="bbox 146 320 883 399; baseline -0.007 -18"><span class='ocrx_word' id='word_1_1' title='bbox 146 320 211 381; x_wconf 79' lang='lat'><strong>152</strong></span> <span class='ocrx_word' id='word_1_2' title='bbox 534 335 574 376; x_wconf 82' lang='lat' dir='ltr'><strong>ua</strong></span> <span class='ocrx_word' id='word_1_3' title='bbox 598 334 697 399; x_wconf 79' lang='lat' dir='ltr'><strong>norea</strong></span> <span class='ocrx_word' id='word_1_4' title='bbox 721 336 883 378; x_wconf 82' lang='lat' dir='ltr'><strong>usruncrrs</strong></span> 
     </span>
    </p>
   </div>
   <div class='ocr_carea' id='block_1_2' title="bbox 39 477 1388 4022">
    <p class='ocr_par' dir='ltr' id='par_1_2' title="bbox 39 477 1388 4022">
     <span class='ocr_line' id='line_1_2' title="bbox 151 477 1271 586; baseline 0 -20"><span class='ocrx_word' id='word_1_5' title='bbox 151 502 372 586; x_wconf 87' lang='lat' dir='ltr'><strong>consanguinea</strong></span> <span class='ocrx_word' id='word_1_6' title='bbox 399 519 432 562; x_wconf 89' lang='lat' dir='ltr'><strong>ac</strong></span> <span class='ocrx_word' id='word_1_7' title='bbox 454 499 616 564; x_wconf 88' lang='lat' dir='ltr'><strong>lectissima</strong></span> <span class='ocrx_word' id='word_1_8' title='bbox 638 501 740 565; x_wconf 89' lang='lat' dir='ltr'><strong>eadem</strong></span> <span class='ocrx_word' id='word_1_9' title='bbox 768 508 916 577; x_wconf 81' lang='lat' dir='ltr'><strong>matrona,</strong></span> <span class='ocrx_word' id='word_1_10' title='bbox 949 523 1048 567; x_wconf 88' lang='lat' dir='ltr'><strong>rerum</strong></span> <span class='ocrx_word' id='word_1_11' title='bbox 1079 477 1271 580; x_wconf 83' lang='lat' dir='ltr'><strong>divinarum,</strong></span> 
     </span>
     <span class='ocr_line' id='line_1_3' title="bbox 152 613 1283 701; baseline -0.001 -21"><span class='ocrx_word' id='word_1_12' title='bbox 152 638 212 700; x_wconf 89' lang='lat' dir='ltr'><strong>quo</strong></span> <span class='ocrx_word' id='word_1_13' title='bbox 236 618 299 700; x_wconf 88' lang='lat' dir='ltr'><strong>ipsa</strong></span> <span class='ocrx_word' id='word_1_14' title='bbox 323 613 489 691; x_wconf 86' lang='lat' dir='ltr'><strong>ferebatur,</strong></span> <span class='ocrx_word' id='word_1_15' title='bbox 511 615 611 679; x_wconf 89' lang='lat' dir='ltr'><strong>studio</strong></span> <span class='ocrx_word' id='word_1_16' title='bbox 633 617 811 700; x_wconf 80' lang='lat' dir='ltr'><strong>pietatisque</strong></span> <span class='ocrx_word' id='word_1_17' title='bbox 833 615 970 681; x_wconf 82' lang='lat' dir='ltr'>sensibus</span> <span class='ocrx_word' id='word_1_18' title='bbox 993 621 1109 681; x_wconf 90' lang='lat' dir='ltr'><strong>mature</strong></span> <span class='ocrx_word' id='word_1_19' title='bbox 1131 617 1191 681; x_wconf 88' lang='lat' dir='ltr'><strong>filii</strong></span> <span class='ocrx_word' id='word_1_20' title='bbox 1214 637 1283 701; x_wconf 90' lang='lat' dir='ltr'><strong>pec·</strong></span> 
     </span>
     <span class='ocr_line' id='line_1_4' title="bbox 153 729 1388 816; baseline -0.005 -21"><span class='ocrx_word' id='word_1_21' title='bbox 153 739 204 795; x_wconf 91' lang='lat' dir='ltr'><strong>tus</strong></span> <span class='ocrx_word' id='word_1_22' title='bbox 232 729 366 794; x_wconf 88' lang='lat' dir='ltr'><strong>imbuere</strong></span> <span class='ocrx_word' id='word_1_23' title='bbox 398 729 572 794; x_wconf 86' lang='lat' dir='ltr'><strong>conabatur.</strong></span> <span class='ocrx_word' id='word_1_24' title='bbox 622 730 718 814; x_wconf 87' lang='lat' dir='ltr'><strong>Cujus</strong></span> <span class='ocrx_word' id='word_1_25' title='bbox 748 736 853 794; x_wconf 89' lang='lat' dir='ltr'><strong>tenero</strong></span> <span class='ocrx_word' id='word_1_26' title='bbox 875 733 908 795; x_wconf 93' lang='lat' dir='ltr'><strong>iu</strong></span> <span class='ocrx_word' id='word_1_27' title='bbox 931 733 1032 796; x_wconf 91' lang='lat' dir='ltr'><strong>animo</strong></span> <span class='ocrx_word' id='word_1_28' title='bbox 1057 753 1134 816; x_wconf 91' lang='lat' dir='ltr'><strong>quae</strong></span> <span class='ocrx_word' id='word_1_29' title='bbox 1160 731 1289 814; x_wconf 83' lang='lat' dir='ltr'><strong>vestigia</strong></span> <span class='ocrx_word' id='word_1_30' title='bbox 1352 754 1388 789; x_wconf 64' lang='lat' dir='ltr'>a</span> 
     </span>
     <span class='ocr_line' id='line_1_5' title="bbox 155 844 1290 930; baseline 0 -22"><span class='ocrx_word' id='word_1_31' title='bbox 155 844 203 908; x_wconf 87' lang='lat' dir='ltr'><strong>vel</strong></span> <span class='ocrx_word' id='word_1_32' title='bbox 226 845 411 930; x_wconf 77' lang='lat' dir='ltr'><strong>impresserit</strong></span> <span class='ocrx_word' id='word_1_33' title='bbox 433 845 480 907; x_wconf 87' lang='lat' dir='ltr'><strong>vel</strong></span> <span class='ocrx_word' id='word_1_34' title='bbox 503 844 662 928; x_wconf 80' lang='lat' dir='ltr'>reliquerit</span> <span class='ocrx_word' id='word_1_35' title='bbox 684 845 850 910; x_wconf 75' lang='lat' dir='ltr'><strong>Israelitica</strong></span> <span class='ocrx_word' id='word_1_36' title='bbox 874 848 1045 922; x_wconf 87' lang='lat' dir='ltr'><strong>institutio,</strong></span> <span class='ocrx_word' id='word_1_37' title='bbox 1067 867 1124 909; x_wconf 86' lang='lat' dir='ltr'><strong>nos</strong></span> <span class='ocrx_word' id='word_1_38' title='bbox 1148 847 1290 930; x_wconf 86' lang='lat' dir='ltr'><strong>ignorare</strong></span> 
     </span>
     <span class='ocr_line' id='line_1_6' title="bbox 155 958 1292 1046; baseline -0.001 -23"><span class='ocrx_word' id='word_1_39' title='bbox 155 958 303 1025; x_wconf 86' lang='lat' dir='ltr'>dolemus.</span> <span class='ocrx_word' id='word_1_40' title='bbox 350 959 484 1024; x_wconf 88' lang='lat' dir='ltr'><strong>Puerum</strong></span> <span class='ocrx_word' id='word_1_41' title='bbox 508 981 578 1024; x_wconf 88' lang='lat' dir='ltr'><strong>vero</strong></span> <span class='ocrx_word' id='word_1_42' title='bbox 602 965 718 1024; x_wconf 89' lang='lat' dir='ltr'><strong>constat</strong></span> <span class='ocrx_word' id='word_1_43' title='bbox 738 968 864 1025; x_wconf 87' lang='lat' dir='ltr'><strong>amatre</strong></span> <span class='ocrx_word' id='word_1_44' title='bbox 887 961 1103 1046; x_wconf 83' lang='lat' dir='ltr'><strong>Hamburgnm</strong></span> <span class='ocrx_word' id='word_1_45' title='bbox 1126 960 1292 1023; x_wconf 89' lang='lat' dir='ltr'><strong>deductum</strong></span> 
     </span>
     <span class='ocr_line' id='line_1_7' title="bbox 156 1071 1293 1159; baseline -0.003 -23"><span class='ocrx_word' id='word_1_46' title='bbox 156 1095 228 1137; x_wconf 87' lang='lat' dir='ltr'><strong>esse.</strong></span> <span class='ocrx_word' id='word_1_47' title='bbox 273 1071 336 1137; x_wconf 86' lang='lat' dir='ltr'><strong>Ubi</strong></span> <span class='ocrx_word' id='word_1_48' title='bbox 352 1071 414 1148; x_wconf 86' lang='lat' dir='ltr'><strong>illa,</strong></span> <span class='ocrx_word' id='word_1_49' title='bbox 434 1073 493 1137; x_wconf 91' lang='lat' dir='ltr'><strong>uisi</strong></span> <span class='ocrx_word' id='word_1_50' title='bbox 516 1073 655 1159; x_wconf 86' lang='lat' dir='ltr'><strong>legitimo</strong></span> <span class='ocrx_word' id='word_1_51' title='bbox 670 1075 813 1152; x_wconf 87' lang='lat' dir='ltr'><strong>divortio,</strong></span> <span class='ocrx_word' id='word_1_52' title='bbox 837 1081 868 1138; x_wconf 91' lang='lat' dir='ltr'><strong>at</strong></span> <span class='ocrx_word' id='word_1_53' title='bbox 890 1074 1060 1139; x_wconf 68' lang='lat' dir='ltr'><strong>voluntaria</strong></span> <span class='ocrx_word' id='word_1_54' title='bbox 1083 1073 1256 1137; x_wconf 86' lang='lat' dir='ltr'><strong>secessione</strong></span> <span class='ocrx_word' id='word_1_55' title='bbox 1276 1093 1293 1133; x_wconf 91' lang='lat' dir='ltr'><strong>a</strong></span> 
     </span>
     <span class='ocr_line' id='line_1_8' title="bbox 154 1184 1388 1274; baseline -0.005 -20"><span class='ocrx_word' id='word_1_56' title='bbox 154 1189 263 1254; x_wconf 91' lang='lat' dir='ltr'><strong>marito</strong></span> <span class='ocrx_word' id='word_1_57' title='bbox 279 1188 440 1270; x_wconf 86' lang='lat' dir='ltr'><strong>disjuncta,</strong></span> <span class='ocrx_word' id='word_1_58' title='bbox 456 1188 576 1253; x_wconf 75' lang='lat' dir='ltr'><strong>vivebat</strong></span> <span class='ocrx_word' id='word_1_59' title='bbox 591 1210 625 1254; x_wconf 91' lang='lat' dir='ltr'><strong>ac</strong></span> <span class='ocrx_word' id='word_1_60' title='bbox 637 1187 748 1253; x_wconf 89' lang='lat' dir='ltr'><strong>liberos</strong></span> <span class='ocrx_word' id='word_1_61' title='bbox 763 1190 827 1274; x_wconf 88' lang='lat' dir='ltr'><strong>ipsa</strong></span> <span class='ocrx_word' id='word_1_62' title='bbox 841 1210 914 1253; x_wconf 84' lang='lat' dir='ltr'><strong>suos.</strong></span> <span class='ocrx_word' id='word_1_63' title='bbox 927 1188 1040 1272; x_wconf 79' lang='lat' dir='ltr'><strong>(plures</strong></span> <span class='ocrx_word' id='word_1_64' title='bbox 1052 1189 1134 1251; x_wconf 92' lang='lat' dir='ltr'><strong>enim</strong></span> <span class='ocrx_word' id='word_1_65' title='bbox 1148 1184 1291 1269; x_wconf 84' lang='lat' dir='ltr'><strong>habebat)</strong></span> <span class='ocrx_word' id='word_1_66' title='bbox 1358 1198 1388 1249; x_wconf 77' lang='grc'><strong>4</strong></span> 
     </span>
     <span class='ocr_line' id='line_1_9' title="bbox 157 1301 1293 1388; baseline -0.005 -19"><span class='ocrx_word' id='word_1_67' title='bbox 157 1305 327 1369; x_wconf 88' lang='lat' dir='ltr'><strong>educandos</strong></span> <span class='ocrx_word' id='word_1_68' title='bbox 356 1302 491 1368; x_wconf 90' lang='lat' dir='ltr'><strong>curabat.</strong></span> <span class='ocrx_word' id='word_1_69' title='bbox 540 1302 601 1366; x_wconf 81' lang='lat' dir='ltr'><strong>Hlo</strong></span> <span class='ocrx_word' id='word_1_70' title='bbox 631 1305 727 1388; x_wconf 83' lang='lat' dir='ltr'><strong>igitur</strong></span> <span class='ocrx_word' id='word_1_71' title='bbox 755 1305 808 1386; x_wconf 92' lang='lat' dir='ltr'><strong>qui</strong></span> <span class='ocrx_word' id='word_1_72' title='bbox 832 1310 904 1366; x_wconf 91' lang='lat' dir='ltr'><strong>natu</strong></span> <span class='ocrx_word' id='word_1_73' title='bbox 936 1303 1078 1366; x_wconf 87' lang='lat' dir='ltr'><strong>minimus</strong></span> <span class='ocrx_word' id='word_1_74' title='bbox 1101 1301 1293 1376; x_wconf 85' lang='lat' dir='ltr'><strong>eratfilius,</strong></span> 
     </span>
     <span class='ocr_line' id='line_1_10' title="bbox 156 1415 1295 1503; baseline -0.004 -19"><span class='ocrx_word' id='word_1_75' title='bbox 156 1422 278 1485; x_wconf 88' lang='lat' dir='ltr'><strong>futurus</strong></span> <span class='ocrx_word' id='word_1_76' title='bbox 302 1419 353 1483; x_wconf 94' lang='lat' dir='ltr'><strong>ille</strong></span> <span class='ocrx_word' id='word_1_77' title='bbox 375 1417 562 1503; x_wconf 78' lang='lat' dir='ltr'><strong>Theologus‚</strong></span> <span class='ocrx_word' id='word_1_78' title='bbox 579 1416 708 1493; x_wconf 82' lang='lat' dir='ltr'><strong>classici,</strong></span> <span class='ocrx_word' id='word_1_79' title='bbox 725 1418 806 1502; x_wconf 90' lang='lat' dir='ltr'><strong>quod</strong></span> <span class='ocrx_word' id='word_1_80' title='bbox 828 1418 1003 1482; x_wconf 83' lang='lat' dir='ltr'><strong>Joannenm</strong></span> <span class='ocrx_word' id='word_1_81' title='bbox 1025 1415 1180 1492; x_wconf 84' lang='lat' dir='ltr'><strong>audiebat,</strong></span> <span class='ocrx_word' id='word_1_82' title='bbox 1198 1417 1295 1498; x_wconf 83' lang='lat' dir='ltr'><strong>Gym-</strong></span> 
     </span>
     <span class='ocr_line' id='line_1_11' title="bbox 156 1530 1296 1616; baseline -0.004 -19"><span class='ocrx_word' id='word_1_83' title='bbox 156 1534 250 1609; x_wconf 87' lang='lat' dir='ltr'><strong>nasii,</strong></span> <span class='ocrx_word' id='word_1_84' title='bbox 274 1555 307 1597; x_wconf 89' lang='lat' dir='ltr'><strong>ac</strong></span> <span class='ocrx_word' id='word_1_85' title='bbox 330 1532 454 1596; x_wconf 88' lang='lat' dir='ltr'><strong>biennio</strong></span> <span class='ocrx_word' id='word_1_86' title='bbox 476 1532 539 1596; x_wconf 88' lang='lat' dir='ltr'><strong>fere</strong></span> <span class='ocrx_word' id='word_1_87' title='bbox 561 1537 629 1616; x_wconf 90' lang='lat' dir='ltr'><strong>post</strong></span> <span class='ocrx_word' id='word_1_88' title='bbox 651 1532 767 1596; x_wconf 90' lang='lat' dir='ltr'><strong>altioris</strong></span> <span class='ocrx_word' id='word_1_89' title='bbox 788 1531 913 1597; x_wconf 85' lang='lat' dir='ltr'><strong>Scholae</strong></span> <span class='ocrx_word' id='word_1_90' title='bbox 929 1532 1113 1595; x_wconf 79' lang='lat' dir='ltr'><strong>academicae</strong></span> <span class='ocrx_word' id='word_1_91' title='bbox 1134 1530 1296 1615; x_wconf 84' lang='lat' dir='ltr'><strong>discipulis</strong></span> 
     </span>
     <span class='ocr_line' id='line_1_12' title="bbox 157 1646 1296 1732; baseline -0.004 -20"><span class='ocrx_word' id='word_1_92' title='bbox 157 1648 336 1732; x_wconf 86' lang='lat' dir='ltr'><strong>adscriptus,</strong></span> <span class='ocrx_word' id='word_1_93' title='bbox 361 1651 476 1711; x_wconf 91' lang='lat' dir='ltr'><strong>tantam</strong></span> <span class='ocrx_word' id='word_1_94' title='bbox 499 1647 615 1731; x_wconf 84' lang='lat' dir='ltr'><strong>ingenii</strong></span> <span class='ocrx_word' id='word_1_95' title='bbox 638 1646 842 1711; x_wconf 90' lang='lat' dir='ltr'><strong>demonstrare</strong></span> <span class='ocrx_word' id='word_1_96' title='bbox 866 1648 1047 1711; x_wconf 85' lang='lat' dir='ltr'><strong>alacritatem</strong></span> <span class='ocrx_word' id='word_1_97' title='bbox 1070 1667 1105 1710; x_wconf 90' lang='lat' dir='ltr'><strong>ac</strong></span> <span class='ocrx_word' id='word_1_98' title='bbox 1127 1650 1190 1709; x_wconf 89' lang='lat' dir='ltr'><strong>tam</strong></span> <span class='ocrx_word' id='word_1_99' title='bbox 1211 1666 1296 1710; x_wconf 89' lang='lat' dir='ltr'><strong>raros</strong></span> 
     </span>
     <span class='ocr_line' id='line_1_13' title="bbox 157 1758 1299 1846; baseline -0.003 -20"><span class='ocrx_word' id='word_1_100' title='bbox 157 1765 189 1828; x_wconf 93' lang='lat' dir='ltr'><strong>iu</strong></span> <span class='ocrx_word' id='word_1_101' title='bbox 224 1763 333 1826; x_wconf 87' lang='lat' dir='ltr'><strong>artium</strong></span> <span class='ocrx_word' id='word_1_102' title='bbox 366 1761 533 1846; x_wconf 90' lang='lat' dir='ltr'><strong>disciplinis</strong></span> <span class='ocrx_word' id='word_1_103' title='bbox 563 1782 740 1846; x_wconf 86' lang='lat' dir='ltr'><strong>progressus</strong></span> <span class='ocrx_word' id='word_1_104' title='bbox 771 1762 886 1837; x_wconf 89' lang='lat' dir='ltr'><strong>facere,</strong></span> <span class='ocrx_word' id='word_1_105' title='bbox 916 1768 952 1826; x_wconf 90' lang='lat' dir='ltr'><strong>ut</strong></span> <span class='ocrx_word' id='word_1_106' title='bbox 973 1759 1156 1845; x_wconf 83' lang='lat' dir='ltr'><strong>praeclaram</strong></span> <span class='ocrx_word' id='word_1_107' title='bbox 1181 1760 1221 1823; x_wconf 90' lang='lat' dir='ltr'><strong>de</strong></span> <span class='ocrx_word' id='word_1_108' title='bbox 1244 1758 1299 1823; x_wconf 92' lang='lat' dir='ltr'><strong>illo</strong></span> 
     </span>
     <span class='ocr_line' id='line_1_14' title="bbox 158 1873 1298 1961; baseline -0.004 -21"><span class='ocrx_word' id='word_1_109' title='bbox 158 1898 254 1961; x_wconf 88' lang='lat' dir='ltr'><strong>spem,</strong></span> <span class='ocrx_word' id='word_1_110' title='bbox 278 1898 339 1940; x_wconf 91' lang='lat' dir='ltr'><strong>nou</strong></span> <span class='ocrx_word' id='word_1_111' title='bbox 363 1897 467 1940; x_wconf 88' lang='lat' dir='ltr'><strong>vanam</strong></span> <span class='ocrx_word' id='word_1_112' title='bbox 490 1876 625 1959; x_wconf 86' lang='lat' dir='ltr'><strong>profecto</strong></span> <span class='ocrx_word' id='word_1_113' title='bbox 647 1875 745 1950; x_wconf 90' lang='lat' dir='ltr'><strong>illam,</strong></span> <span class='ocrx_word' id='word_1_114' title='bbox 772 1877 964 1959; x_wconf 87' lang='lat' dir='ltr'><strong>conciperent</strong></span> <span class='ocrx_word' id='word_1_115' title='bbox 986 1875 1215 1959; x_wconf 87' lang='lat' dir='ltr'><strong>Praeceptores.</strong></span> <span class='ocrx_word' id='word_1_116' title='bbox 1257 1873 1298 1936; x_wconf 78' lang='lat' dir='ltr'><strong>nt</strong></span> 
     </span>
     <span class='ocr_line' id='line_1_15' title="bbox 39 1988 1305 2075; baseline -0.003 -20"><span class='ocrx_word' id='word_1_117' title='bbox 39 2038 42 2043; x_wconf 85' lang='lat'><em>-</em></span> <span class='ocrx_word' id='word_1_118' title='bbox 158 1993 190 2055; x_wconf 94' lang='lat' dir='ltr'><strong>in</strong></span> <span class='ocrx_word' id='word_1_119' title='bbox 216 1991 283 2055; x_wconf 92' lang='lat' dir='ltr'><strong>aliis</strong></span> <span class='ocrx_word' id='word_1_120' title='bbox 302 1992 365 2075; x_wconf 87' lang='lat' dir='ltr'><strong>jam</strong></span> <span class='ocrx_word' id='word_1_121' title='bbox 388 1991 527 2055; x_wconf 86' lang='lat' dir='ltr'><strong>classicae</strong></span> <span class='ocrx_word' id='word_1_122' title='bbox 551 1992 740 2074; x_wconf 86' lang='lat' dir='ltr'><strong>antiquitatis</strong></span> <span class='ocrx_word' id='word_1_123' title='bbox 763 1989 939 2056; x_wconf 89' lang='lat' dir='ltr'><strong>auctoribus</strong></span> <span class='ocrx_word' id='word_1_124' title='bbox 960 1990 1110 2054; x_wconf 87' lang='lat' dir='ltr'><strong>assiduam</strong></span> <span class='ocrx_word' id='word_1_125' title='bbox 1133 1988 1305 2052; x_wconf 80' lang='lat' dir='ltr'><strong>collocarit</strong></span> 
     </span>
     <span class='ocr_line' id='line_1_16' title="bbox 160 2104 1305 2191; baseline -0.005 -20"><span class='ocrx_word' id='word_1_126' title='bbox 160 2127 298 2191; x_wconf 85' lang='lat' dir='ltr'><strong>operam,</strong></span> <span class='ocrx_word' id='word_1_127' title='bbox 330 2112 361 2173; x_wconf 90' lang='lat' dir='ltr'><strong>et</strong></span> <span class='ocrx_word' id='word_1_128' title='bbox 387 2108 420 2172; x_wconf 90' lang='lat' dir='ltr'><strong>iu</strong></span> <span class='ocrx_word' id='word_1_129' title='bbox 448 2105 578 2171; x_wconf 83' lang='lat' dir='ltr'><strong>Platone</strong></span> <span class='ocrx_word' id='word_1_130' title='bbox 608 2104 783 2191; x_wconf 88' lang='lat' dir='ltr'><strong>siugulatim</strong></span> <span class='ocrx_word' id='word_1_131' title='bbox 816 2105 973 2170; x_wconf 91' lang='lat' dir='ltr'><strong>habitavit.</strong></span> <span class='ocrx_word' id='word_1_132' title='bbox 1018 2105 1114 2188; x_wconf 86' lang='lat' dir='ltr'><strong>Cujus</strong></span> <span class='ocrx_word' id='word_1_133' title='bbox 1143 2104 1305 2187; x_wconf 85' lang='lat' dir='ltr'><strong>imprimis</strong></span> 
     </span>
     <span class='ocr_line' id='line_1_17' title="bbox 161 2218 1300 2292; baseline -0.004 -7"><span class='ocrx_word' id='word_1_134' title='bbox 161 2223 295 2286; x_wconf 90' lang='lat' dir='ltr'><strong>studium</strong></span> <span class='ocrx_word' id='word_1_135' title='bbox 317 2222 354 2286; x_wconf 93' lang='lat' dir='ltr'><strong>ad</strong></span> <span class='ocrx_word' id='word_1_136' title='bbox 379 2221 576 2285; x_wconf 90' lang='lat' dir='ltr'><strong>adolescentis</strong></span> <span class='ocrx_word' id='word_1_137' title='bbox 599 2222 732 2286; x_wconf 90' lang='lat' dir='ltr'><strong>animum</strong></span> <span class='ocrx_word' id='word_1_138' title='bbox 758 2219 877 2286; x_wconf 74' lang='lat' dir='ltr'><strong>Christo</strong></span> <span class='ocrx_word' id='word_1_139' title='bbox 900 2219 1122 2284; x_wconf 90' lang='lat' dir='ltr'><strong>conciliandum</strong></span> <span class='ocrx_word' id='word_1_140' title='bbox 1145 2218 1300 2292; x_wconf 87' lang='lat' dir='ltr'><strong>valuisse,</strong></span> 
     </span>
     <span class='ocr_line' id='line_1_18' title="bbox 161 2333 1310 2421; baseline -0.004 -21"><span class='ocrx_word' id='word_1_141' title='bbox 161 2336 263 2421; x_wconf 89' lang='lat' dir='ltr'><strong>plures</strong></span> <span class='ocrx_word' id='word_1_142' title='bbox 283 2342 354 2401; x_wconf 91' lang='lat' dir='ltr'><strong>sunt</strong></span> <span class='ocrx_word' id='word_1_143' title='bbox 371 2337 423 2421; x_wconf 91' lang='lat' dir='ltr'><strong>qui</strong></span> <span class='ocrx_word' id='word_1_144' title='bbox 443 2336 633 2412; x_wconf 84' lang='lat' dir='ltr'><strong>tradiderint,</strong></span> <span class='ocrx_word' id='word_1_145' title='bbox 655 2357 712 2399; x_wconf 90' lang='lat' dir='ltr'><strong>nee</strong></span> <span class='ocrx_word' id='word_1_146' title='bbox 730 2356 787 2421; x_wconf 87' lang='lat' dir='ltr'><strong>ego</strong></span> <span class='ocrx_word' id='word_1_147' title='bbox 802 2335 889 2419; x_wconf 91' lang='lat' dir='ltr'><strong>plane</strong></span> <span class='ocrx_word' id='word_1_148' title='bbox 905 2335 1078 2420; x_wconf 81' lang='lat' dir='ltr'><strong>negandum</strong></span> <span class='ocrx_word' id='word_1_149' title='bbox 1096 2338 1185 2417; x_wconf 92' lang='lat' dir='ltr'><strong>puto.</strong></span> <span class='ocrx_word' id='word_1_150' title='bbox 1202 2333 1310 2399; x_wconf 89' lang='lat' dir='ltr'><strong>-Cum</strong></span> 
     </span>
     <span class='ocr_line' id='line_1_19' title="bbox 161 2446 1308 2536; baseline -0.005 -21"><span class='ocrx_word' id='word_1_151' title='bbox 161 2452 338 2536; x_wconf 89' lang='lat' dir='ltr'><strong>praesertim</strong></span> <span class='ocrx_word' id='word_1_152' title='bbox 372 2451 529 2515; x_wconf 90' lang='lat' dir='ltr'><strong>meliorum</strong></span> <span class='ocrx_word' id='word_1_153' title='bbox 561 2450 774 2514; x_wconf 88' lang='lat' dir='ltr'><strong>nonnullorum</strong></span> <span class='ocrx_word' id='word_1_154' title='bbox 806 2450 992 2513; x_wconf 88' lang='lat' dir='ltr'><strong>consortium</strong></span> <span class='ocrx_word' id='word_1_155' title='bbox 1023 2447 1180 2512; x_wconf 86' lang='lat' dir='ltr'><strong>accederet</strong></span> <span class='ocrx_word' id='word_1_156' title='bbox 1214 2446 1308 2510; x_wconf 83' lang='lat' dir='ltr'><strong>soda-</strong></span> 
     </span>
     <span class='ocr_line' id='line_1_20' title="bbox 161 2560 1306 2648; baseline -0.004 -19"><span class='ocrx_word' id='word_1_157' title='bbox 161 2566 249 2630; x_wconf 91' lang='lat' dir='ltr'><strong>lium.</strong></span> <span class='ocrx_word' id='word_1_158' title='bbox 298 2564 515 2629; x_wconf 85' lang='lat' dir='ltr'><strong>Verumtamen</strong></span> <span class='ocrx_word' id='word_1_159' title='bbox 537 2564 623 2648; x_wconf 87' lang='lat' dir='ltr'><strong>plura</strong></span> <span class='ocrx_word' id='word_1_160' title='bbox 644 2564 696 2628; x_wconf 80' lang='lat' dir='ltr'><strong>blo</strong></span> <span class='ocrx_word' id='word_1_161' title='bbox 728 2566 831 2629; x_wconf 86' lang='lat' dir='ltr'><strong>animo</strong></span> <span class='ocrx_word' id='word_1_162' title='bbox 861 2563 936 2628; x_wconf 90' lang='lat' dir='ltr'><strong>mihi</strong></span> <span class='ocrx_word' id='word_1_163' title='bbox 958 2561 1117 2627; x_wconf 89' lang='lat' dir='ltr'><strong>tribuenda</strong></span> <span class='ocrx_word' id='word_1_164' title='bbox 1140 2560 1306 2637; x_wconf 86' lang='lat' dir='ltr'><strong>videntur,</strong></span> 
     </span>
     <span class='ocr_line' id='line_1_21' title="bbox 163 2674 1312 2754; baseline -0.003 -13"><span class='ocrx_word' id='word_1_165' title='bbox 163 2682 280 2743; x_wconf 89' lang='lat' dir='ltr'><strong>mature</strong></span> <span class='ocrx_word' id='word_1_166' title='bbox 303 2677 340 2740; x_wconf 91' lang='lat' dir='ltr'><strong>ad</strong></span> <span class='ocrx_word' id='word_1_167' title='bbox 361 2677 460 2742; x_wconf 91' lang='lat' dir='ltr'><strong>Deum</strong></span> <span class='ocrx_word' id='word_1_168' title='bbox 485 2698 644 2754; x_wconf 85' lang='lat' dir='ltr'><strong>converso,</strong></span> <span class='ocrx_word' id='word_1_169' title='bbox 667 2698 725 2741; x_wconf 91' lang='lat' dir='ltr'><strong>nec</strong></span> <span class='ocrx_word' id='word_1_170' title='bbox 746 2678 779 2741; x_wconf 92' lang='lat' dir='ltr'><strong>in</strong></span> <span class='ocrx_word' id='word_1_171' title='bbox 801 2675 1010 2740; x_wconf 85' lang='lat' dir='ltr'><strong>Rabbinorum</strong></span> <span class='ocrx_word' id='word_1_172' title='bbox 1028 2674 1188 2739; x_wconf 87' lang='lat' dir='ltr'><strong>Judaismo</strong></span> <span class='ocrx_word' id='word_1_173' title='bbox 1214 2696 1312 2738; x_wconf 80' lang='lat' dir='ltr'><strong>sano-</strong></span> 
     </span>
     <span class='ocr_line' id='line_1_22' title="bbox 165 2789 1312 2877; baseline -0.002 -21"><span class='ocrx_word' id='word_1_174' title='bbox 165 2791 294 2858; x_wconf 89' lang='lat' dir='ltr'><strong>tioribus</strong></span> <span class='ocrx_word' id='word_1_175' title='bbox 317 2792 472 2876; x_wconf 87' lang='lat' dir='ltr'><strong>explendis</strong></span> <span class='ocrx_word' id='word_1_176' title='bbox 494 2792 650 2856; x_wconf 87' lang='lat' dir='ltr'><strong>desideriis</strong></span> <span class='ocrx_word' id='word_1_177' title='bbox 666 2792 811 2877; x_wconf 88' lang='lat' dir='ltr'><strong>pabulum</strong></span> <span class='ocrx_word' id='word_1_178' title='bbox 830 2791 1007 2856; x_wconf 89' lang='lat' dir='ltr'><strong>invenienti.</strong></span> <span class='ocrx_word' id='word_1_179' title='bbox 1041 2789 1163 2855; x_wconf 83' lang='lat' dir='ltr'><strong>Etenim</strong></span> <span class='ocrx_word' id='word_1_180' title='bbox 1182 2791 1212 2854; x_wconf 85' lang='lat' dir='ltr'><strong>ai</strong></span> <span class='ocrx_word' id='word_1_181' title='bbox 1234 2790 1312 2875; x_wconf 80' lang='lat' dir='ltr'><strong>quis</strong></span> 
     </span>
     <span class='ocr_line' id='line_1_23' title="bbox 165 2904 1313 2992; baseline -0.003 -21"><span class='ocrx_word' id='word_1_182' title='bbox 165 2906 241 2972; x_wconf 85' lang='lat' dir='ltr'><strong>colet</strong></span> <span class='ocrx_word' id='word_1_183' title='bbox 263 2904 328 2970; x_wconf 83' lang='lat' dir='ltr'><strong>Dei</strong></span> <span class='ocrx_word' id='word_1_184' title='bbox 351 2906 497 2971; x_wconf 84' lang='lat' dir='ltr'><strong>voluntati</strong></span> <span class='ocrx_word' id='word_1_185' title='bbox 516 2929 646 2992; x_wconf 78' lang='lat' dir='ltr'><strong>perere,</strong></span> <span class='ocrx_word' id='word_1_186' title='bbox 671 2920 819 2991; x_wconf 84' lang='lat' dir='ltr'><strong>capnoacet</strong></span> <span class='ocrx_word' id='word_1_187' title='bbox 841 2909 879 2972; x_wconf 86' lang='lat' dir='ltr'><strong>de</strong></span> <span class='ocrx_word' id='word_1_188' title='bbox 901 2907 1052 2983; x_wconf 65' lang='lat' dir='ltr'><strong>doctrine,</strong></span> <span class='ocrx_word' id='word_1_189' title='bbox 1078 2915 1182 2968; x_wconf 79' lang='lat' dir='ltr'><strong>atrum</strong></span> <span class='ocrx_word' id='word_1_190' title='bbox 1204 2926 1244 2969; x_wconf 87' lang='lat' dir='ltr'><strong>ca</strong></span> <span class='ocrx_word' id='word_1_191' title='bbox 1266 2906 1313 2968; x_wconf 76' lang='lat' dir='ltr'><strong>ait</strong></span> 
     </span>
     <span class='ocr_line' id='line_1_24' title="bbox 161 3020 1310 3109; baseline 0 -25"><span class='ocrx_word' id='word_1_192' title='bbox 161 3044 187 3101; x_wconf 84' lang='lat' dir='ltr'><strong>o</strong></span> <span class='ocrx_word' id='word_1_193' title='bbox 209 3021 299 3097; x_wconf 85' lang='lat' dir='ltr'><strong>Deo,</strong></span> <span class='ocrx_word' id='word_1_194' title='bbox 326 3045 367 3086; x_wconf 87' lang='lat' dir='ltr'><strong>un</strong></span> <span class='ocrx_word' id='word_1_195' title='bbox 390 3043 442 3107; x_wconf 79' lang='lat' dir='ltr'><strong>epo</strong></span> <span class='ocrx_word' id='word_1_196' title='bbox 465 3023 533 3087; x_wconf 78' lang='lat' dir='ltr'><strong>mad</strong></span> <span class='ocrx_word' id='word_1_197' title='bbox 556 3024 734 3087; x_wconf 76' lang='lat' dir='ltr'><strong>anctoritate</strong></span> <span class='ocrx_word' id='word_1_198' title='bbox 762 3023 871 3108; x_wconf 83' lang='lat' dir='ltr'><strong>loquor</strong></span> <span class='ocrx_word' id='word_1_199' title='bbox 893 3020 955 3109; x_wconf 87' lang='lat'><strong>(1).</strong></span> <span class='ocrx_word' id='word_1_200' title='bbox 1001 3021 1048 3085; x_wconf 80' lang='lat' dir='ltr'><strong>En</strong></span> <span class='ocrx_word' id='word_1_201' title='bbox 1068 3022 1164 3106; x_wconf 88' lang='lat' dir='ltr'><strong>ipsius</strong></span> <span class='ocrx_word' id='word_1_202' title='bbox 1187 3021 1310 3106; x_wconf 81' lang='lat' dir='ltr'><strong>grauis·</strong></span> 
     </span>
     <span class='ocr_line' id='line_1_25' title="bbox 167 3133 1310 3218; baseline -0.001 -21"><span class='ocrx_word' id='word_1_203' title='bbox 167 3136 278 3201; x_wconf 90' lang='lat' dir='ltr'><strong>simum</strong></span> <span class='ocrx_word' id='word_1_204' title='bbox 310 3137 432 3201; x_wconf 87' lang='lat' dir='ltr'><strong>effatum</strong></span> <span class='ocrx_word' id='word_1_205' title='bbox 464 3136 635 3201; x_wconf 80' lang='lat' dir='ltr'><strong>Christi!</strong></span> <span class='ocrx_word' id='word_1_206' title='bbox 685 3135 776 3207; x_wconf 80' lang='lat' dir='ltr'><strong>Quod</strong></span> <span class='ocrx_word' id='word_1_207' title='bbox 808 3158 879 3200; x_wconf 89' lang='lat' dir='ltr'><strong>saue</strong></span> <span class='ocrx_word' id='word_1_208' title='bbox 906 3135 1082 3216; x_wconf 87' lang='lat' dir='ltr'><strong>luculento,</strong></span> <span class='ocrx_word' id='word_1_209' title='bbox 1115 3133 1142 3197; x_wconf 92' lang='lat' dir='ltr'><strong>si</strong></span> <span class='ocrx_word' id='word_1_210' title='bbox 1168 3154 1310 3218; x_wconf 87' lang='lat' dir='ltr'><strong>unquam</strong></span> 
     </span>
     <span class='ocr_line' id='line_1_26' title="bbox 167 3249 1305 3336; baseline -0.002 -21"><span class='ocrx_word' id='word_1_211' title='bbox 167 3250 255 3329; x_wconf 89' lang='lat' dir='ltr'><strong>alias,</strong></span> <span class='ocrx_word' id='word_1_212' title='bbox 277 3251 411 3334; x_wconf 89' lang='lat' dir='ltr'><strong>exemplo</strong></span> <span class='ocrx_word' id='word_1_213' title='bbox 433 3249 659 3336; x_wconf 87' lang='lat' dir='ltr'><strong>comprobatum</strong></span> <span class='ocrx_word' id='word_1_214' title='bbox 679 3252 757 3315; x_wconf 91' lang='lat' dir='ltr'><strong>vidit</strong></span> <span class='ocrx_word' id='word_1_215' title='bbox 777 3250 1010 3336; x_wconf 84' lang='lat' dir='ltr'><strong>Hamburgum;</strong></span> <span class='ocrx_word' id='word_1_216' title='bbox 1036 3270 1097 3336; x_wconf 93' lang='lat' dir='ltr'><strong>quo</strong></span> <span class='ocrx_word' id='word_1_217' title='bbox 1117 3249 1166 3313; x_wconf 92' lang='lat' dir='ltr'><strong>die</strong></span> <span class='ocrx_word' id='word_1_218' title='bbox 1188 3251 1245 3331; x_wconf 78' lang='lat'><strong>(25</strong></span> <span class='ocrx_word' id='word_1_219' title='bbox 1261 3271 1305 3313; x_wconf 91' lang='lat' dir='ltr'><strong>m.</strong></span> 
     </span>
     <span class='ocr_line' id='line_1_27' title="bbox 167 3364 1309 3452; baseline -0.002 -23"><span class='ocrx_word' id='word_1_220' title='bbox 167 3364 327 3431; x_wconf 80' lang='lat' dir='ltr'><strong>Februarii</strong></span> <span class='ocrx_word' id='word_1_221' title='bbox 343 3388 369 3430; x_wconf 90' lang='lat' dir='ltr'><strong>a.</strong></span> <span class='ocrx_word' id='word_1_222' title='bbox 389 3364 502 3452; x_wconf 83' lang='lat'>1806),</span> <span class='ocrx_word' id='word_1_223' title='bbox 520 3367 573 3450; x_wconf 89' lang='lat' dir='ltr'><strong>qui</strong></span> <span class='ocrx_word' id='word_1_224' title='bbox 590 3367 641 3430; x_wconf 84' lang='lat' dir='ltr'><strong>vix</strong></span> <span class='ocrx_word' id='word_1_225' title='bbox 665 3366 828 3450; x_wconf 89' lang='lat' dir='ltr'><strong>septimum</strong></span> <span class='ocrx_word' id='word_1_226' title='bbox 844 3372 875 3428; x_wconf 91' lang='lat' dir='ltr'><strong>et</strong></span> <span class='ocrx_word' id='word_1_227' title='bbox 889 3365 1039 3430; x_wconf 90' lang='lat' dir='ltr'><strong>decimum</strong></span> <span class='ocrx_word' id='word_1_228' title='bbox 1064 3364 1170 3428; x_wconf 90' lang='lat' dir='ltr'><strong>aetatis</strong></span> <span class='ocrx_word' id='word_1_229' title='bbox 1190 3384 1309 3427; x_wconf 91' lang='lat' dir='ltr'><strong>anuum</strong></span> 
     </span>
     <span class='ocr_line' id='line_1_28' title="bbox 169 3478 1310 3564; baseline -0.003 -21"><span class='ocrx_word' id='word_1_230' title='bbox 169 3481 359 3564; x_wconf 87' lang='lat' dir='ltr'><strong>expleverat,</strong></span> <span class='ocrx_word' id='word_1_231' title='bbox 385 3480 567 3555; x_wconf 90' lang='lat' dir='ltr'><strong>adolescens,</strong></span> <span class='ocrx_word' id='word_1_232' title='bbox 593 3479 717 3545; x_wconf 86' lang='lat' dir='ltr'><strong>Christo</strong></span> <span class='ocrx_word' id='word_1_233' title='bbox 740 3502 772 3544; x_wconf 91' lang='lat' dir='ltr'><strong>se</strong></span> <span class='ocrx_word' id='word_1_234' title='bbox 795 3481 913 3544; x_wconf 85' lang='lat' dir='ltr'><strong>sincere</strong></span> <span class='ocrx_word' id='word_1_235' title='bbox 935 3480 1077 3544; x_wconf 90' lang='lat' dir='ltr'><strong>fidentem</strong></span> <span class='ocrx_word' id='word_1_236' title='bbox 1100 3478 1255 3563; x_wconf 87' lang='lat' dir='ltr'><strong>professus</strong></span> <span class='ocrx_word' id='word_1_237' title='bbox 1274 3498 1310 3542; x_wconf 88' lang='lat' dir='ltr'><strong>ao</strong></span> 
     </span>
     <span class='ocr_line' id='line_1_29' title="bbox 168 3591 1309 3673; baseline -0.004 -15"><span class='ocrx_word' id='word_1_238' title='bbox 168 3617 253 3660; x_wconf 88' lang='lat' dir='ltr'><strong>sacro</strong></span> <span class='ocrx_word' id='word_1_239' title='bbox 276 3597 390 3661; x_wconf 88' lang='lat' dir='ltr'><strong>tinctus</strong></span> <span class='ocrx_word' id='word_1_240' title='bbox 412 3596 544 3673; x_wconf 88' lang='lat' dir='ltr'><strong>lavacro,</strong></span> <span class='ocrx_word' id='word_1_241' title='bbox 567 3595 809 3660; x_wconf 89' lang='lat' dir='ltr'><strong>Christianorum</strong></span> <span class='ocrx_word' id='word_1_242' title='bbox 833 3595 933 3658; x_wconf 91' lang='lat' dir='ltr'><strong>coetui</strong></span> <span class='ocrx_word' id='word_1_243' title='bbox 956 3595 1072 3658; x_wconf 91' lang='lat' dir='ltr'><strong>socium</strong></span> <span class='ocrx_word' id='word_1_244' title='bbox 1094 3614 1125 3654; x_wconf 90' lang='lat' dir='ltr'><strong>se</strong></span> <span class='ocrx_word' id='word_1_245' title='bbox 1144 3591 1243 3655; x_wconf 88' lang='lat' dir='ltr'><strong>dedit.</strong></span> <span class='ocrx_word' id='word_1_246' title='bbox 1279 3594 1309 3655; x_wconf 84' lang='lat' dir='ltr'>A</span> 
     </span>
     <span class='ocr_line' id='line_1_30' title="bbox 169 3704 1309 3795; baseline -0.004 -23"><span class='ocrx_word' id='word_1_247' title='bbox 169 3730 231 3794; x_wconf 91' lang='lat' dir='ltr'><strong>quo</strong></span> <span class='ocrx_word' id='word_1_248' title='bbox 254 3712 351 3795; x_wconf 86' lang='lat' dir='ltr'><strong>igitur</strong></span> <span class='ocrx_word' id='word_1_249' title='bbox 374 3709 537 3774; x_wconf 86' lang='lat' dir='ltr'><strong>laetissimo</strong></span> <span class='ocrx_word' id='word_1_250' title='bbox 561 3711 691 3793; x_wconf 90' lang='lat' dir='ltr'><strong>suscepti</strong></span> <span class='ocrx_word' id='word_1_251' title='bbox 715 3708 855 3794; x_wconf 87' lang='lat' dir='ltr'><strong>baptismi</strong></span> <span class='ocrx_word' id='word_1_252' title='bbox 879 3710 928 3773; x_wconf 88' lang='lat' dir='ltr'><strong>die</strong></span> <span class='ocrx_word' id='word_1_253' title='bbox 955 3709 1016 3771; x_wconf 91' lang='lat' dir='ltr'><strong>dici</strong></span> <span class='ocrx_word' id='word_1_254' title='bbox 1039 3706 1136 3771; x_wconf 92' lang='lat' dir='ltr'><strong>voluit</strong></span> <span class='ocrx_word' id='word_1_255' title='bbox 1159 3727 1193 3768; x_wconf 91' lang='lat' dir='ltr'><strong>ac</strong></span> <span class='ocrx_word' id='word_1_256' title='bbox 1216 3704 1309 3788; x_wconf 90' lang='lat' dir='ltr'><strong>pleno</strong></span> 
     </span>
     <span class='ocr_line' id='line_1_31' title="bbox 171 3817 1308 3907; baseline -0.004 -21"><span class='ocrx_word' id='word_1_257' title='bbox 171 3824 293 3887; x_wconf 89' lang='lat' dir='ltr'><strong>nomine</strong></span> <span class='ocrx_word' id='word_1_258' title='bbox 317 3824 416 3888; x_wconf 89' lang='lat' dir='ltr'><strong>dictus</strong></span> <span class='ocrx_word' id='word_1_259' title='bbox 438 3829 485 3887; x_wconf 92' lang='lat' dir='ltr'><strong>est</strong></span> <span class='ocrx_word' id='word_1_260' title='bbox 514 3824 690 3887; x_wconf 87' lang='lat' dir='ltr'><strong>Joannes</strong></span> <span class='ocrx_word' id='word_1_261' title='bbox 718 3826 931 3907; x_wconf 88' lang='lat' dir='ltr'><strong>Augustus</strong></span> <span class='ocrx_word' id='word_1_262' title='bbox 964 3819 1204 3884; x_wconf 87' lang='lat' dir='ltr'><strong>Wilbelmus</strong></span> <span class='ocrx_word' id='word_1_263' title='bbox 1235 3817 1308 3882; x_wconf 91' lang='lat' dir='ltr'><strong>Ne·</strong></span> 
     </span>
     <span class='ocr_line' id='line_1_32' title="bbox 174 3932 1309 4022; baseline -0.007 -21"><span class='ocrx_word' id='word_1_264' title='bbox 174 3937 296 4001; x_wconf 90' lang='lat' dir='ltr'><strong>ander</strong></span> <span class='ocrx_word' id='word_1_265' title='bbox 319 3940 377 4021; x_wconf 77' lang='grc'><strong>(2).</strong></span> <span class='ocrx_word' id='word_1_266' title='bbox 428 3938 498 4009; x_wconf 82' lang='lat' dir='ltr'><strong>Quo</strong></span> <span class='ocrx_word' id='word_1_267' title='bbox 520 3943 683 4022; x_wconf 83' lang='lat' dir='ltr'><strong>postremo,</strong></span> <span class='ocrx_word' id='word_1_268' title='bbox 710 3938 789 4021; x_wconf 92' lang='lat' dir='ltr'><strong>quod</strong></span> <span class='ocrx_word' id='word_1_269' title='bbox 802 3937 944 4021; x_wconf 77' lang='lat' dir='ltr'><strong>furniliae</strong></span> <span class='ocrx_word' id='word_1_270' title='bbox 966 3956 1071 3998; x_wconf 76' lang='lat' dir='ltr'><strong>aionien</strong></span> <span class='ocrx_word' id='word_1_271' title='bbox 1090 3932 1235 3995; x_wconf 89' lang='lat' dir='ltr'><strong>hodierna</strong></span> <span class='ocrx_word' id='word_1_272' title='bbox 1256 3952 1309 3994; x_wconf 79' lang='lat' dir='ltr'><strong>vo-</strong></span> 
     </span>
    </p>
   </div>
   <div class='ocr_carea' id='block_1_3' title="bbox 172 4102 317 4113">
    <p class='ocr_par' dir='ltr' id='par_1_3' title="bbox 172 4102 317 4113">
     <span class='ocr_line' id='line_1_33' title="bbox 172 4102 317 4113; baseline -0.014 -1"><span class='ocrx_word' id='word_1_273' title='bbox 172 4105 225 4113; x_wconf 67' lang='lat' dir='ltr'><strong>·-u-</strong></span> <span class='ocrx_word' id='word_1_274' title='bbox 231 4103 276 4110; x_wconf 29' lang='grc' dir='ltr'><em>μμ-..</em></span> <span class='ocrx_word' id='word_1_275' title='bbox 288 4102 317 4110; x_wconf 70' lang='lat'><em>-</em></span> 
     </span>
    </p>
   </div>
   <div class='ocr_carea' id='block_1_4' title="bbox 209 4225 496 4290">
    <p class='ocr_par' dir='ltr' id='par_1_4' title="bbox 209 4225 496 4290">
     <span class='ocr_line' id='line_1_34' title="bbox 209 4225 496 4290; baseline 0.003 -14"><span class='ocrx_word' id='word_1_276' title='bbox 209 4225 245 4290; x_wconf 86' lang='lat' dir='ltr'><strong>(l)</strong></span> <span class='ocrx_word' id='word_1_277' title='bbox 263 4226 353 4278; x_wconf 83' lang='lat' dir='ltr'><strong>Joonn.</strong></span> <span class='ocrx_word' id='word_1_278' title='bbox 373 4229 436 4278; x_wconf 86' lang='lat' dir='ltr'><strong>Vll.</strong></span> <span class='ocrx_word' id='word_1_279' title='bbox 458 4231 496 4277; x_wconf 84' lang='lat'><strong>17.</strong></span> 
     </span>
    </p>
   </div>
   <div class='ocr_carea' id='block_1_5' title="bbox 176 4315 1307 4464">
    <p class='ocr_par' dir='ltr' id='par_1_5' title="bbox 176 4315 1307 4464">
     <span class='ocr_line' id='line_1_35' title="bbox 209 4315 1307 4388; baseline -0.009 -16"><span class='ocrx_word' id='word_1_280' title='bbox 209 4321 244 4384; x_wconf 74' lang='lat'><strong>(2)</strong></span> <span class='ocrx_word' id='word_1_281' title='bbox 267 4323 360 4373; x_wconf 85' lang='lat' dir='ltr'><strong>Postea</strong></span> <span class='ocrx_word' id='word_1_282' title='bbox 382 4326 546 4388; x_wconf 83' lang='lat' dir='ltr'><strong>plerumque,</strong></span> <span class='ocrx_word' id='word_1_283' title='bbox 568 4325 670 4375; x_wconf 84' lang='lat' dir='ltr'><strong>brevius</strong></span> <span class='ocrx_word' id='word_1_284' title='bbox 689 4323 818 4375; x_wconf 78' lang='lat' dir='ltr'><strong>enuntiato</strong></span> <span class='ocrx_word' id='word_1_285' title='bbox 838 4321 951 4377; x_wconf 84' lang='lat' dir='ltr'><strong>nomine,</strong></span> <span class='ocrx_word' id='word_1_286' title='bbox 970 4333 1023 4369; x_wconf 84' lang='lat' dir='ltr'><strong>sose</strong></span> <span class='ocrx_word' id='word_1_287' title='bbox 1041 4319 1105 4368; x_wconf 80' lang='lat' dir='ltr'><strong>uixit</strong></span> <span class='ocrx_word' id='word_1_288' title='bbox 1123 4315 1307 4378; x_wconf 80' lang='lat' dir='ltr'><strong>Augustum</strong></span> 
     </span>
     <span class='ocr_line' id='line_1_36' title="bbox 176 4411 332 4464; baseline 0.006 -3"><span class='ocrx_word' id='word_1_289' title='bbox 176 4411 332 4464; x_wconf 86' lang='lat' dir='ltr'><strong>Ncundcr.</strong></span> 
     </span>
    </p>
   </div>
   <div class='ocr_carea' id='block_1_6' title="bbox 0 0 1424 4958">
    <p class='ocr_par' dir='ltr' id='par_1_6' title="bbox 0 0 1424 4958">
     <span class='ocr_line' id='line_1_37' title="bbox 0 0 1424 4958; baseline 0 0"><span class='ocrx_word' id='word_1_290' title='bbox 0 0 1424 4958; x_wconf 95' lang='lat' dir='ltr'><strong> </strong></span> 
     </span>
    </p>
   </div>
  </div>
 </body>
</html>
