2782 4958
544 364 584 405 on
606 362 808 406 narnsansro.
1202 341 1242 404 ll

106 528 189 627 quid
210 552 370 629 acquam
397 530 498 601 multa
525 528 797 628 Royaardsio
823 528 941 601 debent
962 553 1125 602 monerem
1150 528 1246 600 Gui-

106 651 249 724 lielmi
276 655 307 737 1,
334 653 495 749 Principis
517 653 778 740 Arausionensr‘S,
807 652 937 749 politica
961 650 1121 724 Ecclesiae
1148 651 1246 723 Ordi-

105 777 213 863 natio,
234 801 262 846 a.
289 778 383 846 ⁴583
409 775 459 848 vel
479 776 657 848 constituta
683 775 734 848 vel
758 789 846 848 certe
873 775 1050 872 composita
1072 774 1133 872 (l).
1161 777 1247 846 Gra-

105 897 248 969 vissima
271 898 357 969 enim
389 898 466 970 huic
494 898 726 987 Monumento,
754 901 850 996 cujus
875 899 984 971 adbuc
1009 899 1245 971 Historicorum

107 1046 211 1094 nemo
235 1023 329 1094 nobis
347 1023 471 1120 copiam
498 1024 628 1113 fecerat,
648 1024 787 1122 primum
808 1048 879 1096 sess
898 1023 1047 1121 praebuit
1067 1022 1245 1095 Editorem.

107 1146 183 1217 Nec
211 1170 291 1218 vero
317 1145 349 1216 in
376 1145 439 1218 boc
464 1146 610 1219 substitit
629 1168 763 1220 munere
782 1145 986 1245 praestando.
1024 1148 1140 1244 Neque
1161 1146 1246 1218 enim

105 1267 252 1340 doctum
280 1268 387 1366 legere
408 1283 440 1342 te
463 1270 586 1367 pigebit
603 1271 787 1359 Introituns,
812 1270 869 1343 ubi
895 1270 936 1343 de
961 1268 1178 1340 ordinationis
1197 1294 1249 1341 ra-

107 1391 225 1480 tione,
254 1407 436 1481 momento,
471 1392 544 1465 latis
573 1408 726 1467 accurate
758 1420 796 1466 ac
829 1395 960 1492 copiose
994 1391 1146 1489 disputat.
1199 1393 1249 1465 Ne

107 1512 155 1587 de
178 1514 350 1588 utilissima
370 1515 474 1588 dicam
501 1516 678 1606 collatione,
705 1522 770 1616 qua
792 1517 937 1614 singulos
958 1516 1044 1588 illius
1067 1515 1154 1587 locos
1172 1540 1247 1587 cum

109 1642 152 1710 ea
180 1654 350 1736 comparat
376 1646 517 1730 Auctor,
553 1662 639 1738 quae
672 1664 742 1712 eam
778 1665 806 1712 a.
837 1643 924 1711 taut
965 1639 1109 1736 excepit,
1137 1660 1249 1711 sacrae

107 1761 319 1834 Nostratium
344 1762 514 1835 Societatis
534 1763 761 1857 informatione
783 1763 887 1860 lepali.
930 1761 1092 1851 Tandem,
1111 1761 1249 1860 nequid

107 1883 326 1983 disputationi
352 1885 498 1974 deesset,
527 1885 680 1958 cumulus
709 1886 864 1972 accessit,
886 1910 973 1984 quae
999 1911 1063 1959 non
1091 1886 1248 1957 minorem

108 2033 131 2080 a
159 2008 329 2104 diligentia
351 2008 480 2083 laudem
510 2010 630 2096 habet,
658 2010 857 2108 comparatio
882 2035 956 2082 cum
987 2010 1247 2106 Mediobarpensi‚

109 2155 203 2230 quae
224 2132 355 2206 biennio
379 2146 454 2206 ante
477 2146 551 2206 nata
571 2147 650 2222 erat,
669 2132 814 2230 ejusdem
840 2132 1008 2206 Ecclesiae
1030 2133 1245 2205 ordinatione.

163 2257 201 2326 ln
222 2268 312 2327 tanto
332 2281 370 2329 ac
388 2269 453 2328 tam
476 2256 567 2353 largo
593 2250 804 2354 scriptorum,
829 2279 914 2356 quae
939 2256 1066 2343 extulit,
1085 2268 1247 2354 proventu

112 2390 164 2450 est
196 2378 292 2451 nobis
319 2378 570 2477 properandum.
623 2381 697 2465 Quo
723 2379 810 2451 circa
834 2391 868 2452 et
888 2402 926 2451 ea
950 2390 1134 2476 praetereo,
1160 2400 1246 2476 quae

113 2501 152 2573 de
177 2505 366 2574 consermtis
395 2504 494 2575 refert
514 2502 637 2600 Synodi
661 2502 882 2574 Dordracenae
905 2500 992 2573 Actis
1012 2527 1051 2573 aa
1075 2503 1245 2588 Poetactis,

112 2638 164 2713 et,
191 2625 305 2699 eodem
336 2626 404 2700 lere
432 2624 641 2697 Aretinorum
674 2626 761 2714 loco,
786 2625 833 2697 de
848 2625 1042 2699 Drentbinne
1069 2625 1244 2713 Ecclesiae,

113 2748 196 2846 qnod
221 2749 421 2845 Reipublicae
438 2763 571 2845 tempore
592 2751 670 2845 snit,
688 2749 839 2848 sepimine
857 2748 919 2847 (2).
940 2788 984 2806 -
1002 2751 1125 2822 Verum
1143 2772 1246 2848 quum

114 2873 219 2944 multa
245 2871 347 2943 tristia
372 2897 432 2945 uec
459 2897 565 2970 pauca
591 2872 699 2970 turpia
722 2873 868 2944 universa
891 2873 1069 2962 contineat,
1097 2877 1163 2971 qut
1183 2872 1247 2944 late

114 3007 220 3093 patet,
244 2995 405 3085 Historia,
424 2995 638 3095 ejusdemque
659 2994 714 3067 lati
732 3019 867 3068 consors
884 2994 943 3084 sit,
961 2995 1062 3070 eheu!
1085 2995 1247 3068 Ecclesiae

109 3118 240 3215 patriae
264 3119 423 3209 Historia3
442 3129 468 3192 si
491 3143 576 3219 quae
592 3119 675 3192 laeta
692 3119 791 3191 habet
817 3119 1035 3216 Patribusque
1055 3119 1244 3209 honorifica,

115 3242 197 3315 baec
210 3241 339 3317 minime
362 3244 423 3316 sibi
442 3245 634 3343 negligenda
651 3246 778 3343 putavit
801 3242 1089 3344 Royanrdsius.
1128 3245 1245 3342 Neque

112 3367 198 3440 enim
224 3392 337 3440 eorum
362 3369 462 3440 instar
487 3381 557 3441 erat
575 3368 659 3441 male
676 3393 828 3442 sanorum
846 3367 1029 3455 hominum,
1046 3367 1117 3465 qui,
1137 3366 1245 3439 nescio

114 3495 180 3588 qua
205 3491 320 3562 mentis
346 3490 558 3588 perversitate
576 3491 721 3588 abrepti,
740 3489 804 3562 hoc
825 3490 856 3560 in
879 3514 958 3586 agro
980 3513 1095 3587 vepres
1118 3501 1244 3561 tantum

114 3612 291 3712 spinasque
323 3627 534 3712 quaererent,
571 3613 669 3687 llares
703 3638 765 3685 non
799 3626 953 3686 curarent
985 3639 1060 3702 nec,
1097 3611 1124 3684 si
1158 3637 1244 3711 quae

114 3749 221 3826 eraut,
257 3736 417 3810 viridaria.
477 3739 576 3810 Laeta
611 3737 710 3834 igitur
743 3761 847 3836 eaque
879 3750 911 3808 et
944 3734 1181 3810 Nederlandiae
1210 3748 1243 3808 et

114 3858 276 3932 Africanis
302 3861 373 3957 ejus
402 3860 532 3933 Colonis
559 3858 755 3951 honorifica,
794 3885 854 3932 nec
889 3885 928 3931 ea
953 3859 1053 3957 uulgo
1091 3872 1183 3944 nota,
1211 3858 1243 3929 in

115 3985 302 4057 memoriam
326 3985 420 4058 nobis
439 3998 570 4059 revocat
598 3983 788 4081 gravissima
809 3981 959 4079 Collegae
980 3984 1136 4073 narratio,
1157 4006 1244 4081 quae

152 4209 199 4279 (1)
218 4207 440 4263 Nederlandice:
455 4208 497 4264 De
507 4185 728 4262 stoan-terendo
737 4223 787 4259 nan
797 4204 940 4260 Willem
950 4202 1066 4272 I,Princ
1078 4222 1127 4259 van
1141 4205 1245 4274 Oranje,

116 4310 143 4362 in
157 4314 240 4363 1588.
264 4307 347 4374 Quot
360 4309 450 4380 ipsum
461 4308 672 4363 Monumentum
686 4325 715 4360 ec
730 4306 792 4360 aaa.
801 4321 848 4360 nea.
859 4320 912 4360 sese
928 4304 1035 4360 ediduse
1047 4312 1121 4376 atque
1132 4305 1247 4359 historice

116 4408 236 4461 tractasse
255 4408 411 4480 profitetur,
431 4407 511 4462 Aron.
530 4408 638 4462 Nederl.
659 4405 725 4462 Vol.
747 4403 805 4473 111,
826 4421 855 4478 p.
878 4408 1038 4462 aot-³84.

155 4507 201 4578 (2)
221 4506 287 4563 Vol.
308 4507 363 4564 IX.
383 4526 410 4580 p.
433 4512 485 4563 528
506 4523 565 4578 seq.
587 4513 615 4563 et
634 4524 662 4578 p.
686 4510 739 4560 530
760 4520 823 4576 sqq.
