2782 4958
131 356 193 417 180
607 369 767 413 nicanorus

129 542 242 605 tionem
274 560 307 601 ac
337 538 546 622 praestantiam
579 537 803 601 describendam
836 540 1001 622 putdrunt,
1034 541 1067 603 in
1093 541 1246 608 minoribus

129 660 246 719 tautum
269 675 328 717 non
353 652 439 736 plane
463 654 696 725 eonsentientes,
723 654 804 716 docti
832 652 915 716 illius
938 654 1136 739 interpretes,
1161 658 1249 721 Gud-

129 768 321 839 northus.
353 767 627 841 Scholtenius‚
662 769 701 832 G.
735 769 765 832 S.
793 768 1010 846 Frankius‚
1044 771 1252 838 Oreuzeros

128 884 248 968 aliique.
299 881 437 952 Quorum
468 881 662 947 uberioribus
693 904 761 945 eum
792 884 1102 948 animadversionibus
1124 885 1255 951 breviora

128 997 200 1061 haec
225 1019 289 1059 mea
313 998 425 1060 monita
449 996 613 1060 contulisse
635 996 792 1073 lectorem,
817 1004 852 1060 ut
875 1020 973 1082 spero,
999 1021 1060 1063 non
1073 1002 1253 1085 poenitebit.

127 1112 202 1189 Sed,
226 1112 298 1175 haec
322 1113 346 1174 si
371 1117 452 1175 recte
475 1111 522 1174 vel
546 1111 582 1175 ab
605 1112 666 1175 illis
689 1112 736 1175 vel
760 1135 776 1174 a
799 1111 885 1175 nobis
908 1112 1059 1198 disputata
1082 1122 1171 1193 sunt,
1193 1118 1257 1201 jure

127 1228 254 1313 quodam
278 1237 331 1290 tuo
355 1248 391 1289 ex
414 1248 461 1289 me
485 1248 621 1309 quaeres,
644 1248 753 1310 anceps
775 1227 827 1290 illa
850 1226 1018 1303 dubitatio,
1041 1233 1102 1313 qud
1123 1233 1157 1295 in
1174 1254 1257 1316 opere

127 1346 164 1406 de
182 1342 307 1405 Natural
326 1342 462 1405 Deorum
480 1341 539 1404 huc
557 1348 587 1403 et
608 1340 681 1404 illuc
698 1347 856 1405 nutantem
877 1343 1009 1407 vidimus
1030 1345 1255 1431 Philosophum,

126 1460 186 1540 quat
209 1456 328 1519 tandem
351 1457 466 1519 ratione
489 1461 520 1519 et
543 1478 609 1520 cum
634 1456 724 1520 dictis
746 1457 932 1521 concilianda
955 1460 995 1522 sit
1012 1466 1042 1523 et
1071 1462 1253 1546 explicanda.

127 1571 216 1642 Quod
241 1572 342 1633 nescio
364 1577 467 1634 utrum
491 1569 590 1654 paullo
613 1569 740 1645 clarius,
765 1592 853 1655 quam
878 1572 976 1635 adbuc
996 1574 1108 1638 factum
1134 1577 1186 1651 sit,
1209 1598 1257 1639 er-

127 1688 196 1770 poni
220 1687 315 1770 possit
337 1707 371 1748 ac
401 1684 518 1749 debeat.
566 1686 616 1747 Sic
648 1687 763 1770 igitur,
789 1693 825 1749 ut
847 1689 950 1771 paucis
975 1709 1036 1752 rem
1061 1690 1254 1773 complectar,

128 1800 320 1863 statuendum
344 1807 436 1883 pnto;
463 1806 565 1863 utrum
590 1806 687 1876 recte,
713 1801 843 1864 viderint
866 1802 928 1866 alii.
963 1804 1090 1868 Tullii
1115 1803 1257 1869 derebus

127 1916 239 1979 divinis
262 1915 437 1999 placitorum
462 1925 674 1997 orpameatum
694 1937 728 1977 ac
747 1918 877 1980 materia
897 1918 1120 2000 quodammodo
1139 1920 1256 2002 quidem

128 2032 274 2100 Stoica.
313 2030 362 2092 sed
398 2031 509 2113 majore
545 2030 634 2092 etiam
663 2030 731 2112 jure
761 2032 962 2096 Socratica
994 2033 1054 2096 dici
1085 2040 1256 2118 poteratne

128 2146 345 2219 Platonica;
365 2166 468 2209 vorum
483 2143 636 2227 formano
651 2146 729 2206 ratio
748 2145 833 2228 plane
849 2148 1085 2211 Academica
1100 2156 1177 2214 erat.
1196 2150 1257 2214 Ne·

129 2287 186 2348 quo
209 2267 288 2329 enim
306 2265 405 2330 Deum
429 2271 460 2327 et
483 2285 546 2326 esse
570 2268 601 2326 et
624 2265 735 2326 mundo
758 2262 945 2347 singulisque
969 2262 1144 2327 hominibus
1166 2264 1256 2329 Cura·

128 2387 223 2444 torem
251 2381 497 2465 benignissimum
522 2402 556 2443 ac
578 2378 800 2442 Moderatorem
824 2384 969 2461 praeiisse,
999 2379 1081 2440 ecrtd
1108 2379 1146 2440 ee
1172 2382 1257 2462 utque

16 2554 20 2563 ,
129 2493 255 2557 indubie
281 2493 338 2557 sibi
362 2494 420 2556 fide
443 2500 629 2577 persuaserat
660 2494 815 2567 Cicero,
850 2493 909 2575 quat
932 2492 1021 2554 nixus
1043 2497 1183 2555 nostrum
1204 2513 1257 2576 op·

128 2609 221 2671 timos
244 2610 370 2691 quisquc
393 2609 425 2670 in
449 2610 557 2673 summi
586 2608 667 2671 illius
699 2607 821 2670 Domini
847 2606 1039 2689 ejusdemque
1062 2605 1163 2670 Patris
1187 2608 1257 2671 curlo

128 2744 162 2785 ac
182 2722 390 2785 benevolentiat
412 2744 493 2806 spem
517 2725 636 2807 reponit
659 2744 693 2785 ac
716 2722 856 2785 fiduciam
881 2722 1045 2785 immotam.
1095 2720 1168 2784 Non
1189 2742 1257 2784 sane

127 2842 187 2900 tam
217 2838 297 2900 felici
322 2837 392 2901 huic
424 2860 487 2899 csse
512 2836 706 2922 contingebat
737 2836 922 2901 Philonis
954 2836 1140 2919 aliorumque
1166 2839 1256 2901 Aca·

127 2952 367 3016 demicorum
400 2952 556 3035 discipulo.
604 2951 653 3017 Ab
677 2952 723 3014 bis
747 2953 845 3027 enim,
879 2953 1066 3036 gravissimis
1089 2952 1257 3037 quibusque

126 3068 163 3129 de
186 3066 276 3131 rebus
298 3069 329 3129 in
354 3073 511 3151 utramque
535 3074 647 3151 partem
681 3067 832 3151 disputare
856 3067 972 3147 solitis,
998 3070 1040 3131 ita
1063 3068 1110 3132 vel
1134 3070 1256 3133 institu-

124 3190 173 3245 tus
204 3189 267 3246 crat
298 3183 344 3245 vel
369 3184 518 3265 jactam,
553 3188 587 3246 ut
618 3180 746 3245 subinde
776 3182 862 3244 firmd
885 3188 985 3244 mente
1009 3184 1175 3247 consistere
1198 3205 1256 3247 non

123 3303 240 3381 posset,
268 3320 301 3360 ac
326 3301 434 3362 miserta
465 3298 517 3361 illd
541 3299 631 3361 animi
663 3298 799 3360 nutantis
822 3297 994 3360 conditione
1018 3303 1172 3376 uteretur,
1200 3300 1261 3382 qod

124 3431 302 3473 concussum
326 3410 526 3494 pulcherrime
549 3411 693 3474 cecinisse
714 3412 852 3474 novimus
874 3410 1131 3476 Claudianum
1156 3416 1226 3497 (lle

260 3640 380 3724 »Saepe
403 3641 480 3703 milri
502 3642 628 3704 dubiam
651 3644 748 3704 traxit
770 3644 914 3706 scatentia
937 3650 1082 3717 ruentem,

260 3753 435 3818 »Caesareae
458 3754 571 3839 Superi
595 3766 711 3830 tereos,
736 3779 776 3818 aa
800 3756 901 3819 nullus
924 3760 1031 3821 inesset

262 3870 411 3949 illector,
439 3883 465 3934 et
488 3873 597 3933 incerto
611 3869 746 3954 florerent
768 3871 913 3935 rraortela'o
936 3874 1037 3935 coarr.'’

172 4100 305 4163 Similem
330 4100 410 4161 enim
434 4121 495 4162 non
519 4122 586 4163 raro
609 4097 828 4163 dubitationem
856 4120 1031 4184 suspensum
1055 4102 1189 4164 tenuisse
1212 4106 1255 4165 at·

126 4237 185 4299 que
208 4217 356 4278 incertum
389 4210 604 4277 Ciceronis
634 4216 787 4289 animum,
822 4220 852 4278 et
879 4214 935 4278 elia
958 4237 1012 4278 nos
1036 4215 1145 4279 docent
1169 4237 1257 4300 supra

164 4452 199 4512 (1)
222 4449 251 4498 Ia
270 4450 393 4513 Rufina,
415 4453 482 4501 libri
503 4454 514 4501 1
533 4454 612 4503 initio.
