2782 4958
587 345 753 390 cursuras.
1194 329 1235 392 85

92 511 177 576 sorte
192 512 273 597 apud
291 510 440 577 Paullum
462 509 593 577 axsbret
607 513 798 597 Apostolum,
824 519 937 599 quanta
959 514 990 578 id
1014 518 1046 578 et
1067 533 1156 597 quam
1179 534 1236 579 au·

90 628 179 691 riosa
201 631 322 712 pareret
343 625 514 711 aequalium
536 632 708 692 nostrorum
731 629 851 708 studia,
881 627 931 692 vel
952 629 1137 694 emendando
1160 628 1234 694 illud

87 739 141 805 vel
167 741 396 826 interpretando
414 741 531 826 justum
554 743 588 804 in
611 742 746 806 ordinem
770 743 907 827 redigere
931 729 1139 806 volentiuml'
1168 743 1234 807 Na·

88 861 186 918 turae
207 856 290 919 euim
312 875 347 918 ac
370 855 514 919 natalium
546 856 655 920 ordina·
675 857 819 920 Antiochi
847 855 979 921 filiorum
998 869 1087 943 patre
1111 858 1235 942 priores

86 970 211 1034 vixisse
234 971 365 1056 majores
378 1002 390 1045 ,1
412 991 451 1034 uc
473 972 559 1055 pueri
582 972 703 1054 quidem
727 993 788 1035 uon
813 973 926 1036 vident.

138 1085 201 1148 Sed
225 1103 262 1148 ex
285 1104 415 1150 excurur
438 1085 474 1149 ad
496 1084 595 1150 Paulli
619 1086 736 1151 dictum
763 1087 928 1151 redeamus.
972 1088 1085 1171 Cujus,
1119 1088 1233 1150 intaclt

86 1196 218 1282 vulgari
242 1199 400 1281 utriusque
423 1197 601 1265 substantivi
626 1200 859 1286 significatione,
881 1201 1049 1286 explicandi
1065 1201 1122 1264 alia
1142 1203 1232 1265 etiam

85 1313 126 1376 in
151 1318 277 1398 promtu
299 1317 357 1392 est,
382 1312 419 1378 ab
442 1313 515 1392 illa,
536 1336 625 1398 quam
649 1317 893 1395 memoravimus,
919 1313 1022 1400 paullo
1045 1315 1162 1379 diuersa
1186 1317 1234 1380 via

84 1449 129 1494 ac
152 1429 245 1493 ratio.
292 1427 413 1492 Etenim
436 1431 558 1517 optimis
580 1428 751 1514 quibusque
774 1428 973 1515 scriptoribus
994 1451 1055 1494 non
1078 1451 1146 1494 raro
1173 1430 1233 1516 pla·
1259 1476 1264 1484 -

82 1543 196 1607 <ruisse
228 1542 392 1620 novimus,
424 1548 461 1607 ut
482 1566 499 1607 a
522 1544 728 1630 sirrpalarr'tas
751 1544 786 1607 ad
809 1543 1003 1630 pancratiora
1033 1544 1233 1628 nuncupanda

82 1646 364 1742 progrederentur.
421 1656 537 1728 Quidni
560 1658 658 1744 igitur
679 1660 811 1744 primum
836 1658 1024 1743 stupratorem
1052 1664 1230 1745 inuncata,

82 1775 299 1852 constantiae,
326 1773 470 1837 virtutem
494 1770 644 1836 celebrare
665 1773 765 1857 potuit
787 1771 962 1857 Apostolus,
989 1775 1078 1856 atque
1102 1770 1172 1836 hinc
1195 1773 1232 1836 ad

83 1887 254 1951 universae
277 1888 356 1951 vitae
379 1885 568 1951 Christianae
591 1887 818 1950 moderatricem
834 1886 953 1972 fidem,
980 1885 1113 1948 Domino
1140 1883 1230 1950 babi-

87 2005 172 2079 tam,
196 1999 426 2082 praedicandam
449 2021 585 2085 gressum
609 2001 726 2064 lacere?
772 2000 879 2078 Certe,
913 1998 1059 2062 utramvis
1082 2000 1231 2064 rationem

90 2113 295 2198 praetuleris,
320 2112 399 2177 nihil
430 2134 550 2178 caussae
581 2135 644 2178 csse
668 2113 742 2178 mihi
776 2114 933 2191 assentias,
961 2112 1093 2193 confido,
1119 2135 1174 2179 cur
1197 2115 1233 2180 ab

93 2228 251 2292 ordinarit
263 2226 295 2292 h.
308 2227 331 2291 l.
351 2224 510 2292 verborum
522 2233 669 2312 ὑπομονή
686 2250 719 2292 ao
731 2232 839 2305 πίστις
852 2227 1024 2313 significatu
1043 2231 1226 2295 recedamus.

139 2674 257 2740 Verum
279 2694 384 2759 parum
408 2672 513 2754 abest,
538 2671 674 2736 benevoli
699 2672 862 2738 Lectores!
888 2676 980 2759 quin,
1006 2695 1081 2759 quae
1105 2675 1230 2760 scripse·

96 2792 152 2856 rim
176 2791 350 2874 respiciens,
378 2789 452 2853 mihi
475 2788 647 2873 displiceam
670 2791 746 2872 ipse,
773 2789 826 2871 qui
849 2790 988 2854 relationi
1013 2790 1049 2853 de
1070 2792 1229 2876 utriusque

95 2906 164 2970 Viri
188 2905 354 2969 doctissimi
377 2904 592 2968 commentario
614 2908 661 2967 tot
683 2903 899 2990 qualiscunque
922 2904 1013 2989 hujus
1032 2903 1126 2969 libelli
1148 2907 1229 2992 pagi·

96 3042 148 3084 nas
170 3017 341 3093 tribuerim,
363 3025 399 3082 ut
421 3016 586 3081 verendum
612 3018 653 3080 sit
675 3039 713 3080 uc
737 3017 881 3082 Vestrum
898 3018 1007 3102 aliquis
1021 3021 1129 3083 tritum
1153 3018 1229 3082 illud

97 3134 169 3199 mihi
193 3133 313 3197 ocoiuat
339 3128 559 3194 Homericam:
589 3139 721 3200 πάντων
748 3133 782 3199 δὲ
815 3141 907 3218 κόρος
938 3137 1039 3201 ἐστιν.
1088 3133 1225 3208 Iccirco,

96 3249 178 3314 nulli
209 3247 337 3331 amplius
360 3247 445 3309 mort
467 3246 664 3329 interposita,
699 3268 820 3309 manum
851 3247 888 3309 de
912 3244 1027 3311 tabula.
1056 3283 1097 3293 -
1121 3247 1230 3310 Nostri

99 3374 220 3449 utroque
238 3363 275 3425 de
296 3360 375 3425 libro
391 3359 501 3444 judicii
520 3379 665 3422 summam
688 3364 724 3423 ut
742 3361 845 3443 paucis
864 3358 1097 3442 complectamur
1115 3359 1140 3421 si
1160 3361 1228 3442 quis

99 3479 172 3542 forte
194 3475 346 3560 requirat,
377 3471 512 3538 Horatii
534 3474 566 3536 in
590 3495 651 3537 rem
675 3479 862 3557 praesentem
886 3472 1108 3536 accommodato
1132 3474 1225 3546 dicto,

99 3592 197 3677 quanti
216 3595 248 3655 et
271 3588 420 3671 Meyeri
443 3587 551 3651 ieciam
567 3592 597 3651 et
620 3587 871 3651 Liinemauni
893 3588 1139 3650 commentarium
1156 3610 1227 3651 cau·

101 3707 162 3773 dide
183 3702 353 3772 declarabo.
401 3705 452 3769 Sic
476 3703 556 3766 euim
578 3701 690 3766 Poeta:

182 3850 274 3860 ——
303 3821 390 3886 »Ubi
409 3819 506 3904 plura
528 3819 675 3880 nitentia
698 3819 850 3896 carmine,
875 3839 936 3881 non
959 3838 1011 3902 epo
1034 3817 1145 3901 paucis

181 3936 359 4023 »Offendor
378 3932 527 4007 maculis,
550 3952 628 4016 quaa
647 3942 700 3994 aut
723 3933 841 3996 incuria
862 3931 970 4018 fudit,

182 4053 269 4117 ‚Aut
290 4052 427 4116 bumana
446 4070 563 4133 parum
587 4047 664 4110 cavit
687 4057 797 4109 natura
823 4079 899 4085 —··-
938 4045 1024 4132 (1).”

140 4166 221 4232 Haec
244 4166 342 4252 igitur
367 4163 478 4248 judicii
501 4161 609 4225 lenitas
640 4166 729 4244 atque
752 4160 920 4224 humanitas
944 4161 969 4222 si
994 4183 1011 4223 a
1033 4160 1116 4224 nullia
1138 4159 1226 4224 debet

111 4321 240 4334 ὓ-------

135 4417 166 4480 (l)
185 4417 267 4483 Epist.
284 4416 318 4466 acl
331 4415 443 4476 Pisones,
463 4431 500 4466 vs.
520 4418 664 4464 aar-353.
684 4409 723 4462 Cf.
742 4413 843 4473 ibidem,
863 4427 913 4475 quo
932 4427 993 4461 mox
1011 4413 1119 4475 respexi,
1134 4427 1172 4462 vs.
1185 4416 1224 4462 10.
