<?xml version="1.0" encoding="UTF-8"?>
<!DOCTYPE html PUBLIC "-//W3C//DTD XHTML 1.0 Transitional//EN"
    "http://www.w3.org/TR/xhtml1/DTD/xhtml1-transitional.dtd">
<html xmlns="http://www.w3.org/1999/xhtml" xml:lang="en" lang="en">
 <head>
  <title>
</title>
<meta http-equiv="Content-Type" content="text/html;charset=utf-8" />
  <meta name='ocr-system' content='tesseract 3.04.00' />
  <meta name='ocr-capabilities' content='ocr_page ocr_carea ocr_par ocr_line ocrx_word'/>
</head>
<body>
  <div class='ocr_page' id='page_1' title='image "./chartaetheologi00boumgoog_0378.png"; bbox 0 0 2782 4958; ppageno 0'>
   <div class='ocr_carea' id='block_1_1' title="bbox 434 323 1187 386">
    <p class='ocr_par' dir='ltr' id='par_1_1' title="bbox 434 323 1187 386">
     <span class='ocr_line' id='line_1_1' title="bbox 434 323 1187 386; baseline 0 -2"><span class='ocrx_word' id='word_1_1' title='bbox 434 342 475 384; x_wconf 87' lang='lat' dir='ltr'><strong>nn</strong></span> <span class='ocrx_word' id='word_1_2' title='bbox 497 340 594 384; x_wconf 82' lang='lat' dir='ltr'><strong>nraars</strong></span> <span class='ocrx_word' id='word_1_3' title='bbox 616 339 807 384; x_wconf 83' lang='lat' dir='ltr'><strong>annarronrs.</strong></span> <span class='ocrx_word' id='word_1_4' title='bbox 1125 323 1187 386; x_wconf 70' lang='lat' dir='ltr'><strong>lb?</strong></span> 
     </span>
    </p>
   </div>
   <div class='ocr_carea' id='block_1_2' title="bbox 48 505 1191 1732">
    <p class='ocr_par' dir='ltr' id='par_1_2' title="bbox 48 505 1191 936">
     <span class='ocr_line' id='line_1_2' title="bbox 48 505 1188 593; baseline -0.001 -20"><span class='ocrx_word' id='word_1_5' title='bbox 48 508 190 573; x_wconf 87' lang='lat' dir='ltr'><strong>strandas</strong></span> <span class='ocrx_word' id='word_1_6' title='bbox 205 506 350 593; x_wconf 82' lang='lat' dir='ltr'><strong>Epistolaa</strong></span> <span class='ocrx_word' id='word_1_7' title='bbox 364 505 553 571; x_wconf 89' lang='lat' dir='ltr'><strong>contulerant</strong></span> <span class='ocrx_word' id='word_1_8' title='bbox 573 509 633 571; x_wconf 85' lang='lat' dir='ltr'><strong>Viri</strong></span> <span class='ocrx_word' id='word_1_9' title='bbox 657 506 750 588; x_wconf 89' lang='lat' dir='ltr'><strong>docti,</strong></span> <span class='ocrx_word' id='word_1_10' title='bbox 771 506 896 571; x_wconf 88' lang='lat' dir='ltr'><strong>lectores</strong></span> <span class='ocrx_word' id='word_1_11' title='bbox 914 508 1063 572; x_wconf 88' lang='lat' dir='ltr'><strong>edoceret.</strong></span> <span class='ocrx_word' id='word_1_12' title='bbox 1096 510 1188 584; x_wconf 81' lang='lat' dir='ltr'><strong>Quae·</strong></span> 
     </span>
     <span class='ocr_line' id='line_1_3' title="bbox 49 619 1191 706; baseline 0 -20"><span class='ocrx_word' id='word_1_13' title='bbox 49 644 176 706; x_wconf 92' lang='lat' dir='ltr'><strong>cunque</strong></span> <span class='ocrx_word' id='word_1_14' title='bbox 200 627 298 686; x_wconf 90' lang='lat' dir='ltr'><strong>autem</strong></span> <span class='ocrx_word' id='word_1_15' title='bbox 330 619 386 685; x_wconf 92' lang='lat' dir='ltr'><strong>hoc</strong></span> <span class='ocrx_word' id='word_1_16' title='bbox 408 622 442 684; x_wconf 92' lang='lat' dir='ltr'><strong>in</strong></span> <span class='ocrx_word' id='word_1_17' title='bbox 464 641 575 706; x_wconf 82' lang='lat' dir='ltr'>genere</span> <span class='ocrx_word' id='word_1_18' title='bbox 606 621 772 704; x_wconf 89' lang='lat' dir='ltr'><strong>adjicienda</strong></span> <span class='ocrx_word' id='word_1_19' title='bbox 795 621 939 705; x_wconf 85' lang='lat' dir='ltr'><strong>putabat,</strong></span> <span class='ocrx_word' id='word_1_20' title='bbox 966 623 1053 685; x_wconf 89' lang='lat' dir='ltr'><strong>uncis</strong></span> <span class='ocrx_word' id='word_1_21' title='bbox 1084 643 1117 684; x_wconf 90' lang='lat' dir='ltr'><strong>ea</strong></span> <span class='ocrx_word' id='word_1_22' title='bbox 1140 623 1191 701; x_wconf 63' lang='lat' dir='ltr'><strong>ing</strong></span> 
     </span>
     <span class='ocr_line' id='line_1_4' title="bbox 48 734 1186 819; baseline -0.001 -19"><span class='ocrx_word' id='word_1_23' title='bbox 48 735 202 802; x_wconf 89' lang='lat' dir='ltr'><strong>cludenda</strong></span> <span class='ocrx_word' id='word_1_24' title='bbox 225 737 353 810; x_wconf 89' lang='lat' dir='ltr'><strong>curavit,</strong></span> <span class='ocrx_word' id='word_1_25' title='bbox 375 743 463 818; x_wconf 90' lang='lat' dir='ltr'><strong>atque</strong></span> <span class='ocrx_word' id='word_1_26' title='bbox 486 737 529 799; x_wconf 91' lang='lat' dir='ltr'><strong>ita</strong></span> <span class='ocrx_word' id='word_1_27' title='bbox 551 734 588 799; x_wconf 91' lang='lat' dir='ltr'><strong>ab</strong></span> <span class='ocrx_word' id='word_1_28' title='bbox 604 737 654 818; x_wconf 89' lang='lat' dir='ltr'><strong>iis,</strong></span> <span class='ocrx_word' id='word_1_29' title='bbox 679 758 755 819; x_wconf 88' lang='lat' dir='ltr'><strong>quae</strong></span> <span class='ocrx_word' id='word_1_30' title='bbox 778 736 894 799; x_wconf 78' lang='lat' dir='ltr'><strong>dixerat</strong></span> <span class='ocrx_word' id='word_1_31' title='bbox 909 738 1033 818; x_wconf 80' lang='lat' dir='ltr'><strong>Auctor,</strong></span> <span class='ocrx_word' id='word_1_32' title='bbox 1050 742 1186 800; x_wconf 89' lang='lat' dir='ltr'><strong>accurate</strong></span> 
     </span>
     <span class='ocr_line' id='line_1_5' title="bbox 48 850 487 936; baseline -0.005 -22"><span class='ocrx_word' id='word_1_33' title='bbox 48 873 84 915; x_wconf 88' lang='lat' dir='ltr'><strong>ae</strong></span> <span class='ocrx_word' id='word_1_34' title='bbox 109 853 270 936; x_wconf 88' lang='lat' dir='ltr'><strong>perspicue</strong></span> <span class='ocrx_word' id='word_1_35' title='bbox 292 850 487 934; x_wconf 84' lang='lat' dir='ltr'><strong>sejungenda.</strong></span> 
     </span>
    </p>

    <p class='ocr_par' dir='ltr' id='par_1_3' title="bbox 48 947 1188 1732">
     <span class='ocr_line' id='line_1_6' title="bbox 95 947 1186 1048; baseline -0.002 -20"><span class='ocrx_word' id='word_1_36' title='bbox 95 967 174 1028; x_wconf 85' lang='lat' dir='ltr'><strong>Ecce</strong></span> <span class='ocrx_word' id='word_1_37' title='bbox 197 965 293 1048; x_wconf 87' lang='lat' dir='ltr'><strong>igitur</strong></span> <span class='ocrx_word' id='word_1_38' title='bbox 314 963 463 1027; x_wconf 87' lang='lat' dir='ltr'><strong>retractati</strong></span> <span class='ocrx_word' id='word_1_39' title='bbox 488 961 577 1045; x_wconf 88' lang='lat' dir='ltr'><strong>hujus</strong></span> <span class='ocrx_word' id='word_1_40' title='bbox 600 962 669 1040; x_wconf 84' lang='lat' dir='ltr'>libri</span> <span class='ocrx_word' id='word_1_41' title='bbox 693 947 868 1039; x_wconf 89' lang='lat' dir='ltr'><strong>consilium,</strong></span> <span class='ocrx_word' id='word_1_42' title='bbox 891 962 971 1046; x_wconf 90' lang='lat' dir='ltr'><strong>quod</strong></span> <span class='ocrx_word' id='word_1_43' title='bbox 995 984 1025 1025; x_wconf 90' lang='lat' dir='ltr'><strong>se</strong></span> <span class='ocrx_word' id='word_1_44' title='bbox 1050 968 1186 1026; x_wconf 86' lang='lat' dir='ltr'><strong>secutum</strong></span> 
     </span>
     <span class='ocr_line' id='line_1_7' title="bbox 50 1077 1188 1161; baseline -0.002 -19"><span class='ocrx_word' id='word_1_45' title='bbox 50 1101 118 1143; x_wconf 84' lang='lat' dir='ltr'><strong>esse</strong></span> <span class='ocrx_word' id='word_1_46' title='bbox 141 1079 276 1141; x_wconf 78' lang='lat' dir='ltr'><strong>modeste</strong></span> <span class='ocrx_word' id='word_1_47' title='bbox 298 1078 456 1161; x_wconf 89' lang='lat' dir='ltr'><strong>profitetur</strong></span> <span class='ocrx_word' id='word_1_48' title='bbox 478 1080 711 1141; x_wconf 80' lang='lat' dir='ltr'><strong>Mesenerus.</strong></span> <span class='ocrx_word' id='word_1_49' title='bbox 760 1079 792 1140; x_wconf 91' lang='lat' dir='ltr'><strong>ln</strong></span> <span class='ocrx_word' id='word_1_50' title='bbox 820 1099 880 1160; x_wconf 90' lang='lat' dir='ltr'><strong>quo</strong></span> <span class='ocrx_word' id='word_1_51' title='bbox 904 1077 1092 1160; x_wconf 77' lang='lat' dir='ltr'><strong>exsequendo</strong></span> <span class='ocrx_word' id='word_1_52' title='bbox 1116 1099 1188 1141; x_wconf 92' lang='lat' dir='ltr'><strong>con·</strong></span> 
     </span>
     <span class='ocr_line' id='line_1_8' title="bbox 48 1188 1188 1275; baseline -0.003 -19"><span class='ocrx_word' id='word_1_53' title='bbox 48 1192 120 1256; x_wconf 87' lang='lat' dir='ltr'><strong>silio</strong></span> <span class='ocrx_word' id='word_1_54' title='bbox 152 1213 248 1274; x_wconf 89' lang='lat' dir='ltr'><strong>quum</strong></span> <span class='ocrx_word' id='word_1_55' title='bbox 278 1189 466 1275; x_wconf 83' lang='lat' dir='ltr'><strong>diligentiam</strong></span> <span class='ocrx_word' id='word_1_56' title='bbox 494 1188 656 1254; x_wconf 88' lang='lat' dir='ltr'><strong>lectoribus</strong></span> <span class='ocrx_word' id='word_1_57' title='bbox 679 1189 849 1275; x_wconf 89' lang='lat' dir='ltr'><strong>probaverit</strong></span> <span class='ocrx_word' id='word_1_58' title='bbox 880 1197 910 1255; x_wconf 91' lang='lat' dir='ltr'><strong>et</strong></span> <span class='ocrx_word' id='word_1_59' title='bbox 941 1191 1130 1275; x_wconf 82' lang='lat' dir='ltr'><strong>prudentiam</strong></span> <span class='ocrx_word' id='word_1_60' title='bbox 1157 1196 1188 1253; x_wconf 87' lang='lat' dir='ltr'><strong>et</strong></span> 
     </span>
     <span class='ocr_line' id='line_1_9' title="bbox 48 1303 1185 1390; baseline -0.004 -19"><span class='ocrx_word' id='word_1_61' title='bbox 48 1307 256 1371; x_wconf 88' lang='lat' dir='ltr'><strong>eruditionem</strong></span> <span class='ocrx_word' id='word_1_62' title='bbox 278 1305 402 1368; x_wconf 88' lang='lat' dir='ltr'><strong>minime</strong></span> <span class='ocrx_word' id='word_1_63' title='bbox 425 1303 595 1390; x_wconf 64' lang='lat' dir='ltr'><strong>vulgarem</strong></span> <span class='ocrx_word' id='word_1_64' title='bbox 621 1305 684 1368; x_wconf 85' lang='lat' dir='ltr'><strong>sore</strong></span> <span class='ocrx_word' id='word_1_65' title='bbox 706 1326 856 1389; x_wconf 89' lang='lat' dir='ltr'><strong>speramus</strong></span> <span class='ocrx_word' id='word_1_66' title='bbox 879 1311 934 1380; x_wconf 85' lang='lat' dir='ltr'><strong>nt,</strong></span> <span class='ocrx_word' id='word_1_67' title='bbox 960 1326 1020 1367; x_wconf 94' lang='lat' dir='ltr'><strong>non</strong></span> <span class='ocrx_word' id='word_1_68' title='bbox 1044 1304 1185 1367; x_wconf 84' lang='lat' dir='ltr'><strong>Brack-</strong></span> 
     </span>
     <span class='ocr_line' id='line_1_10' title="bbox 48 1416 1187 1504; baseline -0.004 -20"><span class='ocrx_word' id='word_1_69' title='bbox 48 1421 141 1484; x_wconf 92' lang='lat' dir='ltr'><strong>ncri</strong></span> <span class='ocrx_word' id='word_1_70' title='bbox 165 1418 275 1496; x_wconf 88' lang='lat' dir='ltr'><strong>solum,</strong></span> <span class='ocrx_word' id='word_1_71' title='bbox 293 1420 342 1482; x_wconf 91' lang='lat' dir='ltr'><strong>sed</strong></span> <span class='ocrx_word' id='word_1_72' title='bbox 366 1420 438 1483; x_wconf 87' lang='lat' dir='ltr'><strong>item</strong></span> <span class='ocrx_word' id='word_1_73' title='bbox 456 1420 625 1482; x_wconf 85' lang='lat' dir='ltr'><strong>Messncri</strong></span> <span class='ocrx_word' id='word_1_74' title='bbox 645 1418 825 1484; x_wconf 81' lang='lat' dir='ltr'><strong>laudabilem</strong></span> <span class='ocrx_word' id='word_1_75' title='bbox 841 1442 893 1499; x_wconf 88' lang='lat' dir='ltr'><strong>per</strong></span> <span class='ocrx_word' id='word_1_76' title='bbox 909 1440 1026 1504; x_wconf 85' lang='lat' dir='ltr'><strong>operam</strong></span> <span class='ocrx_word' id='word_1_77' title='bbox 1043 1416 1187 1503; x_wconf 85' lang='lat' dir='ltr'><strong>Theologi</strong></span> 
     </span>
     <span class='ocr_line' id='line_1_11' title="bbox 48 1532 1187 1616; baseline -0.003 -17"><span class='ocrx_word' id='word_1_78' title='bbox 48 1532 231 1599; x_wconf 67' lang='lat' dir='ltr'><strong>basileensis</strong></span> <span class='ocrx_word' id='word_1_79' title='bbox 253 1555 290 1596; x_wconf 88' lang='lat' dir='ltr'><strong>ex</strong></span> <span class='ocrx_word' id='word_1_80' title='bbox 313 1534 533 1597; x_wconf 80' lang='lat' dir='ltr'><strong>commentariis</strong></span> <span class='ocrx_word' id='word_1_81' title='bbox 548 1532 700 1597; x_wconf 84' lang='lat' dir='ltr'><strong>uberiores</strong></span> <span class='ocrx_word' id='word_1_82' title='bbox 722 1534 824 1610; x_wconf 87' lang='lat' dir='ltr'><strong>etiam,</strong></span> <span class='ocrx_word' id='word_1_83' title='bbox 847 1557 934 1616; x_wconf 88' lang='lat' dir='ltr'><strong>quarn</strong></span> <span class='ocrx_word' id='word_1_84' title='bbox 958 1540 1054 1614; x_wconf 84' lang='lat' dir='ltr'><strong>antea,</strong></span> <span class='ocrx_word' id='word_1_85' title='bbox 1072 1534 1187 1597; x_wconf 85' lang='lat' dir='ltr'><strong>fructus</strong></span> 
     </span>
     <span class='ocr_line' id='line_1_12' title="bbox 49 1646 747 1732; baseline -0.003 -20"><span class='ocrx_word' id='word_1_86' title='bbox 49 1648 145 1712; x_wconf 86' lang='lat' dir='ltr'><strong>multi</strong></span> <span class='ocrx_word' id='word_1_87' title='bbox 170 1648 289 1732; x_wconf 90' lang='lat' dir='ltr'><strong>capiant</strong></span> <span class='ocrx_word' id='word_1_88' title='bbox 310 1646 462 1712; x_wconf 88' lang='lat' dir='ltr'><strong>doctrinae</strong></span> <span class='ocrx_word' id='word_1_89' title='bbox 484 1668 580 1712; x_wconf 86' lang='lat' dir='ltr'><strong>sacrae</strong></span> <span class='ocrx_word' id='word_1_90' title='bbox 603 1648 747 1710; x_wconf 82' lang='lat' dir='ltr'><strong>studiosi!</strong></span> 
     </span>
    </p>
   </div>
   <div class='ocr_carea' id='block_1_3' title="bbox 144 2835 1185 2924">
    <p class='ocr_par' dir='ltr' id='par_1_4' title="bbox 144 2835 1185 2924">
     <span class='ocr_line' id='line_1_13' title="bbox 144 2835 1185 2924; baseline 0.008 -30"><span class='ocrx_word' id='word_1_91' title='bbox 144 2835 247 2899; x_wconf 78' lang='lat' dir='ltr'><strong>Clocie</strong></span> <span class='ocrx_word' id='word_1_92' title='bbox 269 2837 423 2902; x_wconf 78' lang='lat' dir='ltr'><strong>Librorum</strong></span> <span class='ocrx_word' id='word_1_93' title='bbox 439 2838 482 2900; x_wconf 26' lang='lat' dir='ltr'><strong>*V</strong></span> <span class='ocrx_word' id='word_1_94' title='bbox 479 2838 568 2901; x_wconf 77' lang='lat' dir='ltr'><strong>eteris</strong></span> <span class='ocrx_word' id='word_1_95' title='bbox 600 2838 781 2902; x_wconf 76' lang='lat' dir='ltr'><strong>Testamenti</strong></span> <span class='ocrx_word' id='word_1_96' title='bbox 805 2840 1029 2924; x_wconf 68' lang='lat' dir='ltr'><strong>apocryphorum</strong></span> <span class='ocrx_word' id='word_1_97' title='bbox 1048 2839 1185 2917; x_wconf 72' lang='lat' dir='ltr'><strong>philolo-</strong></span> 
     </span>
    </p>
   </div>
   <div class='ocr_carea' id='block_1_4' title="bbox 184 2950 1187 3264">
    <p class='ocr_par' dir='ltr' id='par_1_5' title="bbox 184 2950 1187 3264">
     <span class='ocr_line' id='line_1_14' title="bbox 184 2950 1183 3032; baseline 0 -18"><span class='ocrx_word' id='word_1_98' title='bbox 184 2951 263 3032; x_wconf 69' lang='lat' dir='ltr'><strong>picc.</strong></span> <span class='ocrx_word' id='word_1_99' title='bbox 292 2955 419 3016; x_wconf 77' lang='lat' dir='ltr'><strong>Auctore</strong></span> <span class='ocrx_word' id='word_1_100' title='bbox 439 2951 580 3016; x_wconf 81' lang='lat' dir='ltr'><strong>Christ.</strong></span> <span class='ocrx_word' id='word_1_101' title='bbox 606 2950 738 3015; x_wconf 73' lang='lat' dir='ltr'><strong>Abrah,</strong></span> <span class='ocrx_word' id='word_1_102' title='bbox 764 2951 883 3028; x_wconf 89' lang='lat' dir='ltr'><strong>Wahl,</strong></span> <span class='ocrx_word' id='word_1_103' title='bbox 900 2953 1013 3016; x_wconf 76' lang='lat' dir='ltr'><strong>Philon.</strong></span> <span class='ocrx_word' id='word_1_104' title='bbox 1032 2960 1062 3015; x_wconf 78' lang='lat' dir='ltr'><strong>et</strong></span> <span class='ocrx_word' id='word_1_105' title='bbox 1081 2953 1183 3015; x_wconf 70' lang='lat' dir='ltr'><strong>Theoi.</strong></span> 
     </span>
     <span class='ocr_line' id='line_1_15' title="bbox 187 3064 1187 3150; baseline 0.001 -23"><span class='ocrx_word' id='word_1_106' title='bbox 187 3066 286 3140; x_wconf 61' lang='lat' dir='ltr'><strong>noea</strong></span> <span class='ocrx_word' id='word_1_107' title='bbox 309 3065 397 3144; x_wconf 61' lang='lat' dir='ltr'><strong>[ebra.</strong></span> <span class='ocrx_word' id='word_1_108' title='bbox 427 3067 524 3130; x_wconf 75' lang='lat'><strong>1853.</strong></span> <span class='ocrx_word' id='word_1_109' title='bbox 554 3068 588 3129; x_wconf 82' lang='lat' dir='ltr'><strong>F.</strong></span> <span class='ocrx_word' id='word_1_110' title='bbox 608 3067 682 3130; x_wconf 88' lang='lat' dir='ltr'><strong>8vae</strong></span> <span class='ocrx_word' id='word_1_111' title='bbox 702 3067 845 3130; x_wconf 89' lang='lat' dir='ltr'><strong>maximae</strong></span> <span class='ocrx_word' id='word_1_112' title='bbox 868 3088 921 3150; x_wconf 86' lang='lat' dir='ltr'><strong>pp.</strong></span> <span class='ocrx_word' id='word_1_113' title='bbox 950 3067 1027 3145; x_wconf 76' lang='lat'><strong>510,</strong></span> <span class='ocrx_word' id='word_1_114' title='bbox 1053 3066 1085 3128; x_wconf 89' lang='lat' dir='ltr'><strong>in</strong></span> <span class='ocrx_word' id='word_1_115' title='bbox 1101 3064 1187 3129; x_wconf 88' lang='lat' dir='ltr'><strong>binas</strong></span> 
     </span>
     <span class='ocr_line' id='line_1_16' title="bbox 186 3178 707 3264; baseline 0.006 -24"><span class='ocrx_word' id='word_1_116' title='bbox 186 3178 323 3264; x_wconf 83' lang='lat' dir='ltr'><strong>singulae</strong></span> <span class='ocrx_word' id='word_1_117' title='bbox 345 3178 497 3244; x_wconf 81' lang='lat' dir='ltr'><strong>columnas</strong></span> <span class='ocrx_word' id='word_1_118' title='bbox 519 3178 707 3244; x_wconf 88' lang='lat' dir='ltr'><strong>distributae.</strong></span> 
     </span>
    </p>
   </div>
   <div class='ocr_carea' id='block_1_5' title="bbox 48 3377 1187 4147">
    <p class='ocr_par' dir='ltr' id='par_1_6' title="bbox 48 3377 1187 4147">
     <span class='ocr_line' id='line_1_17' title="bbox 97 3377 1184 3464; baseline -0.001 -24"><span class='ocrx_word' id='word_1_119' title='bbox 97 3379 139 3442; x_wconf 86' lang='lat' dir='ltr'><strong>Do</strong></span> <span class='ocrx_word' id='word_1_120' title='bbox 170 3380 332 3464; x_wconf 85' lang='lat' dir='ltr'><strong>suppositis</strong></span> <span class='ocrx_word' id='word_1_121' title='bbox 361 3380 444 3443; x_wconf 81' lang='lat' dir='ltr'><strong>Novi</strong></span> <span class='ocrx_word' id='word_1_122' title='bbox 474 3381 552 3443; x_wconf 88' lang='lat' dir='ltr'><strong>Test.</strong></span> <span class='ocrx_word' id='word_1_123' title='bbox 586 3381 719 3464; x_wconf 83' lang='lat' dir='ltr'><strong>Euangg.</strong></span> <span class='ocrx_word' id='word_1_124' title='bbox 755 3400 830 3461; x_wconf 92' lang='lat' dir='ltr'><strong>quae</strong></span> <span class='ocrx_word' id='word_1_125' title='bbox 860 3399 948 3462; x_wconf 80' lang='lat' dir='ltr'><strong>supra</strong></span> <span class='ocrx_word' id='word_1_126' title='bbox 979 3377 1123 3457; x_wconf 85' lang='lat' dir='ltr'><strong>diximus,</strong></span> <span class='ocrx_word' id='word_1_127' title='bbox 1151 3379 1184 3439; x_wconf 92' lang='lat' dir='ltr'><strong>in</strong></span> 
     </span>
     <span class='ocr_line' id='line_1_18' title="bbox 49 3491 1187 3576; baseline -0.003 -19"><span class='ocrx_word' id='word_1_128' title='bbox 49 3495 227 3558; x_wconf 89' lang='lat' dir='ltr'><strong>memoriam</strong></span> <span class='ocrx_word' id='word_1_129' title='bbox 261 3516 295 3558; x_wconf 91' lang='lat' dir='ltr'><strong>ea</strong></span> <span class='ocrx_word' id='word_1_130' title='bbox 325 3492 412 3557; x_wconf 92' lang='lat' dir='ltr'><strong>nobis</strong></span> <span class='ocrx_word' id='word_1_131' title='bbox 447 3493 563 3559; x_wconf 78' lang='lat' dir='ltr'><strong>Veteris</strong></span> <span class='ocrx_word' id='word_1_132' title='bbox 593 3496 668 3557; x_wconf 86' lang='lat' dir='ltr'><strong>Test.</strong></span> <span class='ocrx_word' id='word_1_133' title='bbox 700 3495 880 3557; x_wconf 77' lang='lat' dir='ltr'><strong>revocatrunt</strong></span> <span class='ocrx_word' id='word_1_134' title='bbox 910 3491 1097 3576; x_wconf 70' lang='lat' dir='ltr'><strong>apocrypha.</strong></span> <span class='ocrx_word' id='word_1_135' title='bbox 1144 3493 1187 3554; x_wconf 80' lang='lat' dir='ltr'><strong>bc</strong></span> 
     </span>
     <span class='ocr_line' id='line_1_19' title="bbox 49 3608 1182 3693; baseline -0.002 -22"><span class='ocrx_word' id='word_1_136' title='bbox 49 3608 164 3691; x_wconf 88' lang='lat' dir='ltr'><strong>quibus</strong></span> <span class='ocrx_word' id='word_1_137' title='bbox 188 3609 296 3693; x_wconf 85' lang='lat' dir='ltr'><strong>igitur,</strong></span> <span class='ocrx_word' id='word_1_138' title='bbox 321 3612 480 3690; x_wconf 85' lang='lat' dir='ltr'><strong>antequam</strong></span> <span class='ocrx_word' id='word_1_139' title='bbox 504 3608 540 3671; x_wconf 90' lang='lat' dir='ltr'><strong>de</strong></span> <span class='ocrx_word' id='word_1_140' title='bbox 565 3608 678 3682; x_wconf 79' lang='lat' dir='ltr'><strong>Clanio,</strong></span> <span class='ocrx_word' id='word_1_141' title='bbox 703 3609 789 3691; x_wconf 87' lang='lat' dir='ltr'><strong>cujus</strong></span> <span class='ocrx_word' id='word_1_142' title='bbox 811 3608 1035 3691; x_wconf 86' lang='lat' dir='ltr'><strong>inscriptionem</strong></span> <span class='ocrx_word' id='word_1_143' title='bbox 1051 3608 1182 3691; x_wconf 87' lang='lat' dir='ltr'><strong>reposui,</strong></span> 
     </span>
     <span class='ocr_line' id='line_1_20' title="bbox 51 3719 1185 3804; baseline 0.001 -21"><span class='ocrx_word' id='word_1_144' title='bbox 51 3725 182 3784; x_wconf 80' lang='lat' dir='ltr'><strong>Auctore</strong></span> <span class='ocrx_word' id='word_1_145' title='bbox 204 3722 330 3804; x_wconf 91' lang='lat' dir='ltr'><strong>ipsoque</strong></span> <span class='ocrx_word' id='word_1_146' title='bbox 353 3719 410 3784; x_wconf 92' lang='lat' dir='ltr'><strong>hoc</strong></span> <span class='ocrx_word' id='word_1_147' title='bbox 432 3720 497 3804; x_wconf 88' lang='lat' dir='ltr'><strong>ejus</strong></span> <span class='ocrx_word' id='word_1_148' title='bbox 519 3742 607 3804; x_wconf 83' lang='lat' dir='ltr'><strong>opere</strong></span> <span class='ocrx_word' id='word_1_149' title='bbox 630 3719 800 3784; x_wconf 89' lang='lat' dir='ltr'><strong>brevissime</strong></span> <span class='ocrx_word' id='word_1_150' title='bbox 822 3720 958 3795; x_wconf 83' lang='lat' dir='ltr'><strong>referam,</strong></span> <span class='ocrx_word' id='word_1_151' title='bbox 983 3742 1077 3804; x_wconf 86' lang='lat' dir='ltr'><strong>pauca</strong></span> <span class='ocrx_word' id='word_1_152' title='bbox 1093 3743 1185 3804; x_wconf 89' lang='lat' dir='ltr'><strong>quae-</strong></span> 
     </span>
     <span class='ocr_line' id='line_1_21' title="bbox 50 3833 1187 3919; baseline 0.002 -23"><span class='ocrx_word' id='word_1_153' title='bbox 50 3834 120 3896; x_wconf 92' lang='lat' dir='ltr'><strong>dam</strong></span> <span class='ocrx_word' id='word_1_154' title='bbox 145 3833 285 3898; x_wconf 89' lang='lat' dir='ltr'><strong>historice</strong></span> <span class='ocrx_word' id='word_1_155' title='bbox 307 3856 498 3919; x_wconf 89' lang='lat' dir='ltr'><strong>praemonere</strong></span> <span class='ocrx_word' id='word_1_156' title='bbox 520 3837 618 3919; x_wconf 90' lang='lat' dir='ltr'><strong>juvat.</strong></span> <span class='ocrx_word' id='word_1_157' title='bbox 667 3834 721 3899; x_wconf 92' lang='lat' dir='ltr'><strong>Ubi</strong></span> <span class='ocrx_word' id='word_1_158' title='bbox 747 3841 859 3906; x_wconf 88' lang='lat' dir='ltr'><strong>tamen,</strong></span> <span class='ocrx_word' id='word_1_159' title='bbox 892 3856 985 3917; x_wconf 89' lang='lat' dir='ltr'><strong>quum</strong></span> <span class='ocrx_word' id='word_1_160' title='bbox 1017 3835 1187 3918; x_wconf 84' lang='lat' dir='ltr'><strong>antiquiora</strong></span> 
     </span>
     <span class='ocr_line' id='line_1_22' title="bbox 48 3946 1187 4031; baseline 0.002 -21"><span class='ocrx_word' id='word_1_161' title='bbox 48 3948 160 4031; x_wconf 89' lang='lat' dir='ltr'><strong>passim</strong></span> <span class='ocrx_word' id='word_1_162' title='bbox 183 3946 254 4012; x_wconf 91' lang='lat' dir='ltr'><strong>alibi</strong></span> <span class='ocrx_word' id='word_1_163' title='bbox 278 3953 394 4012; x_wconf 91' lang='lat' dir='ltr'><strong>narrata</strong></span> <span class='ocrx_word' id='word_1_164' title='bbox 415 3952 532 4012; x_wconf 83' lang='lat' dir='ltr'><strong>exstent</strong></span> <span class='ocrx_word' id='word_1_165' title='bbox 548 3948 608 4030; x_wconf 86' lang='lat' dir='ltr'><strong>(l),</strong></span> <span class='ocrx_word' id='word_1_166' title='bbox 625 3949 825 4012; x_wconf 86' lang='lat' dir='ltr'><strong>recentissima</strong></span> <span class='ocrx_word' id='word_1_167' title='bbox 847 3948 945 4013; x_wconf 90' lang='lat' dir='ltr'><strong>solum</strong></span> <span class='ocrx_word' id='word_1_168' title='bbox 967 3947 1072 4014; x_wconf 89' lang='lat' dir='ltr'><strong>leviter</strong></span> <span class='ocrx_word' id='word_1_169' title='bbox 1095 3951 1187 4013; x_wconf 91' lang='lat' dir='ltr'><strong>attin·</strong></span> 
     </span>
     <span class='ocr_line' id='line_1_23' title="bbox 49 4061 1182 4147; baseline 0.003 -23"><span class='ocrx_word' id='word_1_170' title='bbox 49 4083 131 4145; x_wconf 85' lang='lat' dir='ltr'><strong>gam.</strong></span> <span class='ocrx_word' id='word_1_171' title='bbox 160 4100 201 4110; x_wconf 85' lang='lat'><strong>--</strong></span> <span class='ocrx_word' id='word_1_172' title='bbox 225 4061 346 4127; x_wconf 91' lang='lat' dir='ltr'><strong>Nullum</strong></span> <span class='ocrx_word' id='word_1_173' title='bbox 370 4061 455 4126; x_wconf 84' lang='lat' dir='ltr'><strong>facile</strong></span> <span class='ocrx_word' id='word_1_174' title='bbox 479 4061 588 4126; x_wconf 82' lang='lat' dir='ltr'><strong>Christi</strong></span> <span class='ocrx_word' id='word_1_175' title='bbox 612 4063 753 4127; x_wconf 86' lang='lat' dir='ltr'><strong>Societati</strong></span> <span class='ocrx_word' id='word_1_176' title='bbox 775 4068 895 4147; x_wconf 88' lang='lat' dir='ltr'><strong>tempus</strong></span> <span class='ocrx_word' id='word_1_177' title='bbox 917 4063 989 4147; x_wconf 85' lang='lat' dir='ltr'><strong>fuit,</strong></span> <span class='ocrx_word' id='word_1_178' title='bbox 1007 4085 1067 4146; x_wconf 94' lang='lat' dir='ltr'><strong>quo</strong></span> <span class='ocrx_word' id='word_1_179' title='bbox 1086 4066 1182 4139; x_wconf 78' lang='lat' dir='ltr'><strong>tantt,</strong></span> 
     </span>
    </p>
   </div>
   <div class='ocr_carea' id='block_1_6' title="bbox 59 4225 210 4237">
    <p class='ocr_par' dir='ltr' id='par_1_7' title="bbox 59 4225 210 4237">
     <span class='ocr_line' id='line_1_24' title="bbox 59 4225 210 4237; baseline -0.007 0"><span class='ocrx_word' id='word_1_180' title='bbox 59 4225 210 4237; x_wconf 62' lang='lat'><strong>———-...„</strong></span> 
     </span>
    </p>
   </div>
   <div class='ocr_carea' id='block_1_7' title="bbox 52 4322 1185 4481">
    <p class='ocr_par' dir='ltr' id='par_1_8' title="bbox 52 4322 1185 4481">
     <span class='ocr_line' id='line_1_25' title="bbox 86 4322 1185 4390; baseline 0.003 -17"><span class='ocrx_word' id='word_1_181' title='bbox 86 4326 125 4386; x_wconf 84' lang='lat' dir='ltr'><strong>(l)</strong></span> <span class='ocrx_word' id='word_1_182' title='bbox 147 4322 223 4374; x_wconf 87' lang='lat' dir='ltr'><strong>Brevi</strong></span> <span class='ocrx_word' id='word_1_183' title='bbox 241 4332 376 4389; x_wconf 83' lang='lat' dir='ltr'><strong>conspectu</strong></span> <span class='ocrx_word' id='word_1_184' title='bbox 395 4325 538 4388; x_wconf 78' lang='lat' dir='ltr'><strong>antiquiora</strong></span> <span class='ocrx_word' id='word_1_185' title='bbox 556 4326 600 4375; x_wconf 89' lang='lat' dir='ltr'><strong>illa</strong></span> <span class='ocrx_word' id='word_1_186' title='bbox 618 4325 751 4375; x_wconf 83' lang='lat' dir='ltr'><strong>informata</strong></span> <span class='ocrx_word' id='word_1_187' title='bbox 769 4327 879 4389; x_wconf 85' lang='lat' dir='ltr'><strong>reperies</strong></span> <span class='ocrx_word' id='word_1_188' title='bbox 897 4327 1025 4376; x_wconf 87' lang='lat' dir='ltr'><strong>Blcckii</strong></span> <span class='ocrx_word' id='word_1_189' title='bbox 1043 4327 1111 4377; x_wconf 84' lang='lat' dir='ltr'><strong>lectu</strong></span> <span class='ocrx_word' id='word_1_190' title='bbox 1129 4327 1185 4390; x_wconf 78' lang='lat' dir='ltr'><strong>dig-</strong></span> 
     </span>
     <span class='ocr_line' id='line_1_26' title="bbox 52 4400 1061 4481; baseline -0.001 -14"><span class='ocrx_word' id='word_1_191' title='bbox 52 4419 157 4469; x_wconf 77' lang='lat' dir='ltr'><strong>nissima</strong></span> <span class='ocrx_word' id='word_1_192' title='bbox 175 4419 201 4467; x_wconf 90' lang='lat' dir='ltr'><strong>in</strong></span> <span class='ocrx_word' id='word_1_193' title='bbox 221 4417 441 4477; x_wconf 83' lang='lat' dir='ltr'><strong>commentatione,</strong></span> <span class='ocrx_word' id='word_1_194' title='bbox 454 4400 537 4481; x_wconf 51' lang='lat' dir='ltr'><strong>¹quom</strong></span> <span class='ocrx_word' id='word_1_195' title='bbox 557 4417 717 4480; x_wconf 85' lang='lat' dir='ltr'><strong>postmodum</strong></span> <span class='ocrx_word' id='word_1_196' title='bbox 736 4419 877 4469; x_wconf 86' lang='lat' dir='ltr'><strong>accuratius</strong></span> <span class='ocrx_word' id='word_1_197' title='bbox 895 4418 1061 4469; x_wconf 85' lang='lat' dir='ltr'><strong>laudabimus.</strong></span> 
     </span>
    </p>
   </div>
   <div class='ocr_carea' id='block_1_8' title="bbox 0 0 1396 4958">
    <p class='ocr_par' dir='ltr' id='par_1_9' title="bbox 0 0 1396 4958">
     <span class='ocr_line' id='line_1_27' title="bbox 0 0 1396 4958; baseline 0 0"><span class='ocrx_word' id='word_1_198' title='bbox 0 0 1396 4958; x_wconf 95' lang='lat' dir='ltr'><strong> </strong></span> 
     </span>
    </p>
   </div>
  </div>
 </body>
</html>
