2782 4958
125 324 167 387 00
618 338 769 381 usnnurro

125 535 164 582 ac
182 506 383 604 locupletari.
420 505 549 592 Quibus
572 529 611 578 ex
635 505 781 578 lontibus
802 515 868 577 tam
889 504 992 577 multa
1012 530 1097 578 nova
1118 505 1228 604 protulit

127 643 226 729 atque
249 628 376 726 ignota,
402 641 456 716 ut,
478 652 555 701 vere
575 642 727 700 monente
750 626 909 715 Kistio,
934 651 1021 725 quae
1044 627 1086 701 de
1107 629 1231 726 Repimir

125 752 449 848 Blaene-Trojectinae
474 749 714 823 llelormntionc
736 751 801 846 jam
827 762 1014 847 paraverat,
1039 751 1135 823 simili
1157 751 1234 824 modo

126 902 201 950 eum
231 889 451 949 commentare
484 900 549 947 non
575 875 721 971 potuisse
749 897 788 945 ac
814 872 993 971 publicare,
1015 873 1110 947 valde
1139 873 1234 947 dolen·

128 1002 205 1076 dum
232 1001 284 1073 sit.

175 1127 287 1224 Atque
310 1123 412 1209 haec,
432 1121 581 1220 quumvis
605 1119 733 1207 tenuia,
756 1119 798 1192 de
821 1118 1021 1216 insignibus,
1044 1118 1163 1216 quibus
1180 1119 1241 1191 Ne-

128 1247 329 1322 derlandicae
354 1246 539 1344 singulatim
562 1243 723 1316 Ecclesiae
739 1242 916 1315 Historiam
937 1242 1074 1340 ejusque
1096 1251 1249 1313 amatores

130 1372 191 1444 sibi
217 1370 377 1459 devinxit,
400 1369 523 1442 meritis
546 1368 632 1440 dicta
657 1365 829 1439 sufficiant.
881 1365 975 1450 Quae
997 1364 1068 1462 ipsa
1093 1362 1250 1436 merituri

129 1493 323 1565 immortalia
347 1492 476 1578 dixero,
502 1517 566 1564 non
592 1490 812 1573 dissensuros,
837 1512 979 1586 quorum
1002 1487 1126 1585 judicio
1152 1487 1249 1587 pluri-

131 1642 219 1690 mum
247 1617 370 1707 tribuo,
397 1629 545 1715 posteros
571 1641 622 1689 me
647 1613 836 1688 habitururn
863 1635 934 1684 esse
958 1609 1099 1685 confido.

180 1988 301 2084 lllagnA
328 2012 407 2060 sane
431 1987 614 2085 argumenti
646 1988 831 2063 diversitate
852 2015 871 2062 u
893 2014 928 2063 se
952 1989 1089 2062 invicem
1113 1988 1238 2085 sejuncta

132 2122 209 2184 suut
234 2110 407 2182 Potristioo
435 2124 468 2183 et
496 2110 555 2182 ι1111
581 2112 825 2186 ecclesiasticam.
877 2113 914 2185 ld
947 2127 1056 2186 tamen
1088 2131 1239 2185 commune

132 2234 274 2320 habent,
292 2234 381 2333 quod
403 2260 478 2307 cum
501 2234 619 2307 Christi
637 2235 800 2309 Socictotis
818 2237 965 2309 Historia
987 2250 1052 2309 tam
1078 2249 1166 2310 arcte
1179 2258 1237 2308 con-

133 2382 216 2430 nexa
233 2357 274 2429 sit
292 2370 441 2457 utraque,
461 2371 498 2430 ut
518 2362 635 2430 neutra
649 2358 796 2456 ignorata
815 2359 897 2432 haec
913 2360 974 2431 sibi
992 2375 1143 2434 constare
1158 2355 1241 2458 possit

132 2484 336 2581 nominisque
357 2483 441 2556 tueri
459 2483 624 2558 honorem.
652 2483 814 2568 Quocirca
830 2483 890 2554 sibi
909 2508 973 2555 nou
991 2481 1242 2556 committendum

132 2604 226 2678 duxit
239 2604 390 2693 AmicuS,
412 2620 449 2678 ut
470 2606 617 2679 alterutri
636 2606 686 2679 vel
708 2606 892 2679 academica
911 2605 1039 2679 deesset
1060 2605 1244 2678 institutione

132 2728 184 2800 vel
200 2728 395 2824 scriptorum
413 2728 562 2802 editione.
600 2730 738 2828 Utrique
759 2731 844 2802 enim
859 2729 1041 2826 singulares
1057 2754 1180 2828 casque
1194 2751 1247 2799 uon

132 2876 207 2923 raro
241 2850 394 2947 repetitas
422 2851 510 2923 dedit
539 2851 692 2940 scholas,
721 2878 807 2952 quae
836 2865 1039 2952 quantopere
1071 2851 1249 2925 melioribus

134 2991 222 3047 certo
244 2974 426 3072 proluerint
450 2975 685 3065 Auditoribus,
707 2976 891 3049 luculenter
914 3000 1028 3048 eorum
1046 2988 1176 3048 constat
1197 2988 1251 3046 tes

134 3099 284 3171 timoniis.
335 3100 457 3171 Verum
479 3098 511 3169 in
529 3098 591 3172 hac
612 3125 675 3170 nou
700 3099 912 3197 acquiescens
931 3103 1048 3195 opera,
1067 3099 1251 3182 Pa-tristicca

134 3235 171 3295 ut
196 3221 335 3320 priorem
361 3221 446 3294 hanc
469 3221 639 3319 attingam,
658 3222 802 3294 studium
827 3221 996 3294 utilissimo
1019 3221 1187 3294 laeilitavit
1204 3217 1253 3292 nd·

133 3346 304 3433 miniculo,
332 3346 367 3416 io
392 3371 481 3417 usum
510 3345 670 3417 lectionum
698 3346 967 3434 academicorum,
999 3345 1084 3417 binis
1110 3344 1254 3417 Partibus

133 3468 219 3542 edita
240 3468 486 3541 Chrestomatlrid
499 3470 673 3541 Patristicd
693 3469 754 3567 (l)
781 3470 928 3554 Quarum
943 3469 1032 3566 prior
1047 3467 1171 3540 Selecta
1185 3492 1254 3540 cou-

134 3591 214 3664 tinet
236 3590 493 3689 Apocrqplrorum
515 3606 544 3664 et
568 3594 704 3665 Patrem
729 3592 767 3664 dc
793 3593 915 3664 Claristo
943 3605 972 3662 et
993 3591 1163 3688 Apostolis,
1185 3593 1253 3662 item

133 3716 270 3787 Petrum
301 3715 564 3812 Apostolicorum,
595 3715 754 3813 posterior
784 3714 906 3788 Selecta
937 3716 1073 3787 Patrem
1101 3714 1254 3786 Ecclesiae

138 3837 293 3924 Graecae,
319 3837 424 3910 idest
450 3852 483 3910 et
506 3837 745 3910 Alexandrinae
775 3852 806 3910 et
831 3838 1065 3911 Antiochense.
1123 3839 1254 3910 Tertiam

135 3960 221 4033 enim
246 3959 414 4057 adjiciendi
432 3961 645 4051 Fasciculum,
673 3964 806 4034 Petram
829 3963 1016 4034 Latinorum
1037 3962 1162 4035 Selecto
1183 3985 1253 4034 con·

139 4116 294 4124 --..-d--—.-

173 4187 218 4258 (1)
238 4186 308 4240 Pers
328 4183 354 4252 I,
380 4183 452 4253 Traj.
477 4187 513 4238 ed
529 4185 581 4238 th.
600 4191 682 4252 1831,
703 4193 735 4240 12
753 4193 781 4240 et
798 4193 831 4240 96
853 4205 914 4259 pp.;
936 4187 970 4242 P.
992 4187 1035 4255 Il,
1057 4189 1165 4254 realem,
1184 4192 1251 4251 1831,

134 4304 183 4358 pp.
213 4291 245 4340 16
271 4291 300 4338 et
321 4289 385 4338 119.
423 4284 466 4338 De
491 4284 646 4356 posteriora
671 4286 721 4341 huo
744 4287 863 4340 refertur
886 4287 915 4340 in
939 4287 1025 4342 Tlreot.
1050 4288 1212 4342 Literotnrbl.
1229 4302 1250 4336 z.

135 4385 170 4438 A.
193 4384 229 4438 K.
249 4384 317 4439 Zeit.
341 4388 423 4451 1838,
451 4383 503 4438 ΝΟ.
527 4390 594 4452 118;
626 4386 674 4440 aed
694 4394 749 4441 tam
769 4386 900 4453 tenuiter,
921 4396 951 4442 ut
980 4387 1050 4442 nihil
1070 4387 1137 4443 mihi
1158 4389 1251 4442 hecar

132 4480 267 4541 relatione
286 4483 488 4554 excerpendum
509 4491 644 4556 putarem.
670 4514 672 4519 ·
