2782 4958
136 308 200 375 106
616 321 785 367 assarones

178 496 343 587 Epistulas,
368 495 481 579 inquit,
506 511 607 561 meum
630 493 668 557 ad
690 492 850 559 Potentem
872 490 946 558 olim
969 513 987 555 a
1007 490 1264 557 Subleierma·

134 612 254 679 ohero
284 611 380 685 datus,
413 609 468 674 diu
497 628 615 672 meeum
644 607 775 672 ineditae
795 606 924 681 servaoi;
955 607 1116 690 jamvero
1144 607 1264 692 longam

132 732 202 813 post
229 724 449 793 dubitationem
483 721 596 810 publici
625 721 705 806 iuria
735 723 826 787 facio.
885 721 965 787 Cum
995 722 1178 806 praesertim
1211 741 1267 785 nee

132 839 339 926 epistolarum,
362 859 436 924 quas
458 837 626 924 scripserit,
643 835 748 922 largus
770 834 942 920 publicatus
963 840 1061 900 enatet
1083 840 1267 920 proventus,

131 958 164 1018 et
186 976 248 1034 eae,
273 974 348 1038 quas
370 973 453 1016 nune
476 949 605 1015 edendas
636 970 792 1028 curamus,
818 947 922 1013 multis
955 951 1021 1033 ejus
1053 947 1145 1014 rebus
1167 948 1267 1013 lucem
1288 933 1303 964 ⁵

132 1069 258 1132 afferant
288 1088 350 1131 non
379 1063 638 1130 contemnendam.
686 1063 727 1128 m
751 1084 823 1128 vero
848 1082 967 1144 eorum,
1002 1084 1079 1149 quae
1109 1062 1148 1128 ad
1179 1063 1267 1128 illum

132 1181 267 1247 uicismm
295 1178 428 1245 scribere
457 1181 654 1243 consueverat
684 1175 788 1254 Pater,
822 1197 952 1261 quorum
981 1197 1054 1243 vero
1080 1175 1157 1243 mibi
1180 1177 1268 1262 eopia

85 1321 92 1329 ·
131 1317 194 1361 non
223 1299 298 1372 erat,
324 1292 459 1377 exempla
480 1290 555 1357 inibi
578 1290 614 1356 ad
638 1289 799 1355 eonsilium
827 1289 996 1356 adhibenda
1022 1291 1171 1357 concessit
1195 1311 1266 1357 ven.

132 1408 154 1472 J
161 1408 294 1473 onasii
317 1406 499 1479 humanitas.
525 1440 567 1455 ·—
586 1403 802 1490 Epistularum,
831 1426 907 1489 ques
927 1406 1058 1483 minans,
1087 1426 1160 1490 pars
1185 1405 1267 1472 theo-

132 1522 232 1606 topice
263 1541 423 1587 numerum
456 1518 586 1586 multtum
623 1518 745 1584 excedit
772 1518 984 1604 politicorum.
1046 1519 1132 1585 Huic
1163 1523 1269 1585 autern

132 1636 320 1703 Duumriros
340 1636 421 1701 inter
443 1634 613 1700 litterarum
635 1635 829 1710 commercio,
854 1655 932 1699 anno
951 1634 1016 1718 jam
1031 1637 1119 1699 1808
1141 1633 1269 1710 inobpa·

9 1800 11 1805 .
131 1754 177 1825 to,
206 1749 346 1819 Gaeeii
377 1749 497 1814 demum
526 1769 621 1826 mors,
643 1769 673 1812 a.
700 1748 801 1824 1831,
834 1748 926 1814 finem
948 1749 1041 1814 feut.,
1080 1748 1140 1846 Sex
1163 1753 1198 1814 et
1220 1748 1268 1813 vi·

131 1865 213 1951 giuti
243 1864 341 1950 igitur
368 1884 518 1929 annornm
549 1864 679 1948 spatium
711 1862 932 1948 complectitur.
983 1864 1052 1931 Neo
1086 1863 1268 1949 plerumque

131 1979 296 2064 majoribus
317 1978 426 2045 silebat
446 1979 592 2064 temporis
613 1977 796 2052 intervallis:
819 1979 847 2043 si
869 1999 888 2042 a
908 1979 973 2045 solo
995 1979 1184 2056 discesseris,
1205 2000 1267 2064 qno

131 2116 193 2163 uua
223 2093 376 2182 degebant
403 2095 526 2174 Amici,
558 2092 695 2158 biennio.
750 2092 960 2159 Dubitationia
986 2091 1105 2178 aliquid
1135 2091 1268 2158 subinde

131 2229 280 2293 curaeque
300 2209 360 2293 (sic
383 2229 472 2293 porro
494 2206 615 2272 consilii
637 2207 770 2272 rationes
791 2212 991 2292 exponentem
1014 2226 1084 2271 enm
1108 2205 1268 2292 andimus)

131 2323 275 2390 nonnulis
297 2323 346 2388 vel
373 2323 534 2388 omittendi
556 2321 605 2388 uel
626 2321 735 2387 leviter
755 2322 937 2388 immutandi
958 2321 1034 2386 inihi
1055 2322 1175 2407 peperit
1200 2321 1267 2386 ofli-

130 2438 224 2505 oium.
271 2438 381 2523 Neque
403 2439 484 2503 enirn
506 2436 620 2511 omnia,
645 2456 722 2520 quae
745 2436 782 2500 ad
802 2437 912 2501 intime
944 2435 1002 2501 sibi
1022 2436 1165 2520 junctum
1189 2434 1267 2500 arni·

131 2572 200 2616 cum
224 2551 385 2638 perscribit
410 2552 536 2630 miuus,
576 2550 731 2615 commode
753 2555 882 2634 possunt
903 2551 1051 2636 evulgari.
1098 2549 1170 2614 Nee
1192 2570 1266 2615 uero

131 2667 241 2752 dignae
264 2673 349 2748 sunt,
373 2688 450 2752 quae
470 2666 605 2731 omnium
629 2666 667 2730 ad
689 2666 830 2730 notitiam
843 2666 1050 2750 perferantur,
1069 2685 1267 2749 qumonnque

130 2782 195 2846 vita
216 2780 379 2847 domestica
400 2779 582 2847 nuntiandas
603 2781 704 2860 offert,
736 2801 785 2844 res
807 2780 953 2845 minutae.
1000 2779 1170 2844 Gasains
1202 2779 1266 2844 in·

129 2896 251 2981 primis,
273 2895 363 2979 cnjus
382 2893 602 2973 uehementius,
625 2914 716 2978 qmm
738 2887 920 2973 Familiaris,
942 2895 1127 2960 commoveri
1147 2892 1267 2960 solebat

129 3008 261 3086 animus,
283 3012 346 3073 tarn
368 3005 463 3073 libere
485 3029 554 3074 oum
577 3029 613 3073 eo
636 3008 731 3073 multa
753 3007 1005 3089 communicabat,
1028 3013 1065 3074 ut
1093 3008 1130 3073 de
1153 3007 1267 3074 verbo·

129 3143 197 3188 rum
227 3143 287 3191 usu
316 3121 496 3207 delectuque
522 3144 584 3188 non
613 3125 702 3187 anxie
732 3123 923 3189 deliberarat.
970 3122 1075 3208 Hujus
1103 3124 1265 3208 igiturex

129 3234 266 3320 epistolis
286 3235 359 3301 alias
381 3236 470 3322 pinne
491 3237 676 3327 seponendus
696 3237 996 3313 dommartinum
1012 3242 1279 3321 pertentantem

128 3349 259 3434 aliquam
281 3354 336 3415 aut
363 3371 510 3417 summam
535 3351 766 3436 depromimus.
813 3349 1167 3416 Subleiermaoheri
1188 3359 1265 3416 'uero

127 3464 163 3532 in
188 3464 300 3531 litteris
329 3466 427 3550 magia
454 3468 607 3549 suspensa,
625 3486 715 3530 manu
737 3469 885 3538 versatus,
917 3465 1112 3548 paucissimos
1141 3471 1265 3531 tantuna

128 3600 230 3647 mrum
253 3580 336 3647 loona
357 3579 406 3646 rel
427 3579 537 3645 sustuli
560 3580 609 3645 vel
631 3579 740 3658 leniri,
770 3580 862 3663 idque
892 3582 936 3644 ita
957 3585 994 3646 nt
1014 3581 1170 3665 integrum
1192 3584 1263 3646 uni·

127 3711 214 3757 verse
244 3697 380 3759 maneret
409 3699 640 3778 argumentum,
669 3694 790 3779 integra
816 3694 925 3760 forma
959 3728 1005 3747 -ι
1036 3695 1117 3760 Tum
1138 3694 1264 3762 brevem

129 3805 293 3889 adjecimus
315 3810 551 3884 annotationem,
577 3806 753 3892 plerumque
775 3829 838 3873 non
861 3808 998 3874 criticam
1018 3808 1114 3885 illan,
1128 3809 1181 3874 sed
1200 3810 1262 3875 bis-

127 3920 267 3995 toricam,
291 3941 380 4004 quae,
407 3942 482 4007 quas
503 3903 606 3987 obiter
631 3923 796 4007 tetigerant
818 3924 937 4000 Amici,
967 3945 1018 3988 res
1038 3945 1136 3988 moran
1159 3933 1261 3992 caete-

126 4054 236 4119 rasque
257 4032 391 4103 breviter
411 4036 588 4121 explicaret,
614 4041 646 4101 et
666 4036 849 4113 litterarum,
874 4037 901 4102 si
923 4038 1056 4122 quando,
1080 4041 1262 4107 emissarum

126 4155 350 4235 argumentum,
375 4155 523 4235 quantum
544 4172 620 4236 opus
641 4156 717 4226 erat,
741 4152 898 4217 indicaret.
945 4150 1017 4222 Quo
1033 4152 1114 4216 facto
1136 4151 1262 4217 carebo·

127 4268 180 4328 tur
208 4286 247 4329 ne
269 4264 306 4329 de
328 4285 429 4330 rerum
461 4266 647 4331 connexione
669 4287 704 4329 ac
727 4265 914 4330 catenatione
945 4266 1054 4330 incerti
1082 4264 1259 4330 dubitarent

128 4379 268 4444 lectores.
