2782 4958
213 368 278 431 ato
664 388 705 431 nn
726 387 804 434 cruc.
831 388 894 432 nar.

212 555 245 617 in
267 552 451 639 generaliore
477 551 553 634 hoc,
578 552 661 636 quod
680 554 860 620 Ductoribus
882 555 1014 620 officium
1040 552 1208 634 scribebat,
1233 557 1340 623 decreto

210 667 432 733 subsistendum
454 667 535 732 idem
563 667 619 735 sibi
644 669 762 753 putarit
787 667 964 755 Legislator.
1000 671 1142 739 Articabe
1162 673 1246 738 enim
1265 673 1340 739 dein·

214 803 283 868 ceps
308 784 389 858 101,
417 782 578 848 vetandum
605 784 722 849 curavit
746 805 786 847 ne
809 783 889 862 ulla,
912 787 974 868 qud
995 785 1033 852 ad
1050 786 1283 853 candidatorum
1297 793 1341 852 aut

213 901 377 963 Doctorum
399 897 526 982 gradum
550 897 748 963 obtinendum
771 899 820 964 via
842 905 1016 984 pararetur,
1045 900 1259 966 Studiosorum
1280 923 1339 986 pro·

214 1011 315 1091 butio,
340 1012 398 1076 nisi
421 1013 532 1077 diserte
557 1013 803 1096 permittentibus
819 1014 1013 1081 Curatoribus
1025 1063 1034 1092 ,
1047 1014 1108 1079 alio
1125 1015 1340 1090 institueretur,

214 1148 303 1212 quam
326 1132 490 1194 memorato
514 1149 662 1194 sermone.
709 1131 769 1194 Neo
791 1128 953 1214 quicquam
979 1127 1066 1193 facile
1088 1127 1218 1196 aliarum
1239 1129 1341 1194 caubc

214 1264 289 1307 num
312 1243 415 1307 eadem
437 1243 637 1327 praetermisit
661 1243 833 1322 Ordinatio,
869 1264 931 1328 quo
953 1244 1103 1311 tlusamm
1124 1241 1175 1308 his
1197 1241 1340 1308 asedibns

214 1355 375 1420 vernacula
393 1362 493 1442 posset
514 1357 609 1423 arceri
632 1356 750 1443 lingua.
797 1356 911 1423 Latine
934 1356 1035 1439 enim,
1059 1377 1134 1441 quas
1158 1357 1196 1422 ad
1219 1357 1341 1442 cujusvis

215 1470 419 1536 doctrinarum
446 1471 567 1540 Ordinis
595 1472 762 1557 praemium
792 1469 984 1537 ambiendum
1015 1470 1153 1537 Studiosi
1188 1470 1341 1556 probandas

216 1587 375 1662 offerrent,
397 1584 570 1650 scribendae
593 1591 678 1653 erant
701 1585 930 1670 disputationes
976 1584 1041 1652 Vid.
1066 1590 1138 1651 Art.
1167 1586 1249 1653 207.
1273 1587 1340 1652 108.

215 1697 330 1763 Datim
356 1699 432 1764 item
461 1720 659 1783 quaecunque
688 1698 856 1766 solemniore
879 1698 968 1766 modo
991 1697 1038 1765 vel
1060 1699 1125 1767 ritu
1148 1706 1270 1787 ageret,
1291 1707 1342 1768 sta·

215 1816 335 1894 tueret,
359 1813 509 1889 ediceret,
541 1813 589 1880 vel
612 1812 748 1899 epistolis
770 1813 847 1880 datis
868 1815 905 1879 ad
927 1813 1003 1879 alios
1023 1813 1189 1899 perterret,
1221 1815 1270 1882 vel
1289 1815 1343 1880 suia

215 1928 279 2012 ipse
302 1929 384 1993 actis
406 1933 496 2012 atque
519 1927 654 1994 drohiris
684 1928 923 2014 consignandum
947 1933 1064 1996 curaret
1086 1929 1230 1997 Senatus.
1276 1931 1341 1996 ilaec

214 2041 296 2106 enim
311 2043 412 2107 stricte
435 2042 595 2107 admodum
619 2047 709 2126 atque
731 2047 867 2110 accurate
888 2043 1070 2128 praescripta
1090 2048 1235 2126 ecana,
1250 2043 1338 2110 Actia.

217 2157 298 2231 117,
331 2160 362 2242 d.
394 2157 435 2238 t,
469 2160 542 2221 Art.
577 2158 663 2234 254,
688 2161 763 2222 Art.
795 2158 887 2233 258,
920 2157 951 2239 d.
983 2155 1030 2222 il.
1078 2157 1210 2225 Tandem
1244 2156 1341 2225 toriae

216 2269 352 2336 habenda
374 2292 474 2336 annua
500 2291 638 2355 quaeque
659 2271 793 2338 liectcris
814 2270 984 2355 tinguite,
1011 2271 1192 2356 magistratu
1213 2294 1276 2339 sese
1299 2270 1342 2336 ab·

218 2385 367 2469 dicaturi,
391 2387 496 2451 oratio.
544 2385 631 2462 Quod
652 2385 763 2451 diserte
785 2384 906 2453 mandat
928 2390 1000 2453 Art.
1027 2386 1109 2454 151.

261 2618 305 2680 lix
335 2614 451 2680 collatis
481 2616 577 2701 igitur
607 2615 685 2702 legis
706 2615 789 2684 illius
811 2617 1000 2702 praescriptis
1021 2615 1094 2683 satis
1121 2635 1272 2701 superque
1301 2635 1343 2681 eos

216 2735 349 2815 apparet,
375 2729 726 2814 dequorumcousiliis‚
751 2731 914 2806 attilii,
941 2729 1162 2797 Guilielmi
1192 2731 1208 2797 1
1235 2729 1344 2797 decreto

216 2848 334 2906 nostrae
355 2848 427 2907 sunt
442 2844 593 2908 ordinatae
608 2843 792 2920 Academiae,
816 2844 900 2909 Viros
915 2843 1124 2929 grauissimos,
1142 2864 1204 2926 qua
1223 2843 1344 2911 maximi

216 2962 338 3041 possent
360 2959 469 3042 opert,
494 2957 531 3021 ad
553 2957 677 3022 eandem
698 2977 766 3037 ms,
792 2959 854 3041 qud
875 2956 974 3023 adhuc
997 2977 1067 3025 usae
1089 2960 1199 3037 aaut,
1217 2955 1344 3043 linguam

216 3071 403 3136 retinendam
430 3070 616 3158 obstringere
649 3071 791 3137 voluisse.
838 3073 898 3137 Nec
920 3071 979 3145 iis,
1009 3070 1062 3154 qui
1091 3071 1232 3156 proxime
1260 3068 1345 3137 meat

216 3190 301 3267 sunt,
325 3187 411 3249 aun'u
436 3207 617 3270 quemquam
640 3185 720 3270 apud
743 3190 891 3250 nostrates
914 3186 1017 3252 Vinum
1042 3185 1193 3253 exstitisse
1216 3185 1345 3251 novimus

216 3300 463 3385 prudentiorem,
488 3302 540 3364 cui
563 3299 636 3365 baec
659 3321 763 3366 eorum
785 3300 960 3388 displiceret
979 3297 1127 3366 animale
1148 3299 1345 3367 doctrinarum

216 3415 327 3480 studiis
359 3412 545 3479 consuluisse
573 3415 726 3480 videretur
756 3415 896 3481 voluntas
922 3418 953 3480 et
982 3414 1175 3481 institutum.
1224 3415 1341 3484 Verum

216 3528 330 3594 ultimo
356 3529 509 3614 imprimis
539 3527 661 3593 conflati
684 3549 723 3592 ex
745 3529 865 3594 batavis
885 3549 919 3594 ao
941 3525 1041 3612 Belgis
1061 3527 1162 3612 Regni
1192 3524 1344 3593 Nederlau·

216 3644 278 3708 dici
300 3648 455 3728 tempore,
480 3643 614 3728 plurium
635 3642 734 3707 audiri
756 3643 935 3727 inceperunt
956 3661 1048 3709 voces,
1069 3641 1278 3722 Neruiorum,
1300 3637 1342 3723 qai

215 3759 249 3822 iu
271 3758 418 3822 ordinatis
438 3780 463 3822 a.
490 3760 577 3822 1815
601 3757 767 3822 Academiis
789 3778 883 3840 quum
906 3755 963 3822 alia
977 3755 1342 3840 multareprebcudereut

215 3877 282 3936 tum
305 3873 475 3957 impositam
494 3872 533 3936 iis
559 3873 661 3937 Latine
683 3871 828 3956 loquendi
850 3871 1068 3936 necessitatem.
1106 3870 1246 3945 Quorum
1260 3869 1343 3954 igitur

217 3986 265 4051 vel
276 3987 497 4053 criminationes
508 3985 556 4052 vel
570 3984 708 4070 querelae
720 4007 782 4069 quo
793 3984 961 4050 accuratius
972 3982 1245 4069 perpenderemus,
1256 3979 1342 4046 medio

218 4103 279 4166 tere
301 4123 380 4165 anno
404 4102 504 4177 tata,
530 4123 567 4166 ex
590 4121 772 4185 unoquoque
796 4099 1019 4164 Academiarum
1046 4101 1219 4162 nostrarum
1243 4097 1343 4162 Senatu

218 4214 340 4300 publica
359 4217 535 4281 auctoritate
561 4220 593 4280 et
615 4214 682 4280 aliis
704 4215 741 4279 de
764 4213 852 4279 rebus
879 4214 1047 4298 quaesitum
1074 4216 1139 4294 est,
1170 4209 1290 4276 illarum
1313 4204 1341 4270 ad

218 4331 460 4397 informationem
483 4328 721 4416 pertinentibm,
749 4335 799 4411 et,
823 4330 951 4414 repetita
973 4328 1045 4393 adeo
1068 4327 1265 4412 quaestione,
1280 4318 1341 4407 quid

220 4446 256 4510 de
282 4444 404 4531 linguae
426 4446 546 4512 Latinae
566 4443 764 4530 judicandum
786 4444 986 4511 videreturne
1005 4441 1279 4529 uegisuadendum
1294 4454 1341 4502 usu
