2782 4958
165 304 206 364 26
652 318 809 362 urseoaou

161 509 238 574 quse
255 485 359 572 agnito
381 484 488 549 huicce
511 483 639 551 consilio
660 485 869 570 consequentis
888 507 953 550 esse
968 489 1164 554 contendunt.
1200 489 1291 562 Quod

162 600 297 686 exemplo
305 601 393 684 juvat
403 599 570 676 illustrare,
584 620 622 663 ex
633 621 666 664 re
683 601 832 684 praesenti
851 602 990 684 repetito.
1013 601 1053 665 In
1073 603 1188 667 criticis
1203 609 1294 687 atque

162 713 344 800 exegeticis,
369 734 445 798 qnae
468 713 588 798 Rapum
609 711 696 776 libris
715 711 882 779 adhibenda
904 714 983 794 sint,
1008 697 1156 781 subsidiis
1173 736 1297 781 summo

157 830 227 914 jure
244 826 337 892 libros
356 833 461 892 auctor
480 832 617 891 recenset
634 824 866 904 Claross‘sorum,
886 849 940 893 sen
962 828 1293 913 Paralipomsucrum.

161 942 210 1007 De
232 962 363 1026 quornm
390 962 448 1006 usu
474 962 535 1004 non
556 961 651 1025 pauca
673 962 743 1005 vera
765 942 856 1017 dicit,
879 963 955 1025 quae
977 942 1082 1007 lectori
1110 943 1296 1007 consulenda

161 1047 414 1122 commendamus.
464 1054 580 1120 Verum
607 1055 727 1121 Womm
749 1055 841 1141 longe
871 1057 1014 1140 majorem
1036 1079 1101 1120 esse
1119 1057 1295 1136 existimat,

160 1192 250 1256 quam
276 1172 385 1235 torum
408 1169 498 1233 fidem
521 1168 705 1233 historicam.
758 1166 923 1234 Cironiccs
944 1171 1042 1247 enim,
1065 1172 1119 1250 sit,
1146 1172 1205 1234 etsi
1227 1172 1295 1255 ple-

63 1279 66 1284 ’
160 1268 288 1370 rumque
305 1305 382 1369 quae
399 1305 470 1348 vera
488 1281 613 1348 haberet
627 1283 691 1367 ipse
708 1265 846 1348 narrasse
869 1284 1019 1366 videatur,
1033 1305 1090 1348 nac
1104 1285 1206 1348 omnia
1220 1307 1294 1369 pro·

159 1401 274 1465 misoue
296 1398 370 1465 falsa
388 1398 568 1480 tradidisse,
603 1403 705 1463 tamen
735 1375 892 1464 manifesta
915 1398 988 1464 haec
1009 1398 1112 1483 prodit
1137 1397 1295 1465 scribendi
1326 1457 1329 1461 ,

160 1515 309 1581 coasilio:
329 1513 540 1583 sacerdotalem
558 1513 664 1578 tuendi
685 1515 908 1592 auctoritatem,
933 1513 1134 1579 obedientiam
1150 1513 1230 1597 legis
1246 1535 1295 1576 se·

160 1629 281 1694 veritati
297 1620 508 1713 praestandam
521 1628 768 1706 commendandi,
787 1629 908 1693 tandem
929 1629 1031 1693 oultds
1042 1627 1149 1707 divini,
1164 1647 1181 1690 a
1194 1625 1296 1693 Motae

160 1744 309 1821 ordinati,
338 1743 557 1807 Institutorum
587 1744 777 1809 sanctitatem
811 1743 996 1809 vindicandi.
1045 1741 1115 1813 Quo
1146 1739 1295 1807 Chronici

160 1862 315 1944 perspecto
344 1857 469 1943 ingenio
499 1855 710 1941 scribendique
736 1857 871 1937 ratione,
897 1853 1002 1921 nostin
1024 1856 1128 1941 judice
1151 1854 1291 1935 critico,

159 1972 353 2038 vehementer
375 1970 432 2036 tibi
455 1969 655 2037 dubitandum
670 1972 746 2047 erit,
762 1971 910 2048 multane,
926 1993 1002 2056 quae
1018 1976 1131 2046 narrat,
1147 1992 1181 2033 sa
1197 1972 1293 2054 potis·

160 2087 282 2167 simum,
306 2106 382 2169 quae
395 2085 439 2166 id,
458 2085 538 2170 quod
555 2086 703 2167 diximus,
720 2107 824 2170 parere
842 2087 943 2170 potuit
958 2086 1103 2162 studium,
1115 2084 1293 2149 historicam

159 2199 301 2277 habeant,
325 2221 364 2263 an
383 2198 421 2263 ab
439 2198 568 2264 historib
591 2198 800 2265 abhorrentem
813 2199 945 2263 indolem
965 2220 1000 2265 ac
1021 2197 1234 2263 characterem.
1246 2236 1293 2246 -

82 2392 86 2399 ι
158 2311 280 2378 Verum·
288 2313 439 2377 enimvero
451 2334 527 2397 quse
544 2312 691 2379 Circam
705 2311 880 2378 Thenius
899 2312 1035 2378 vindicat
1055 2311 1207 2377 scribendi
1220 2333 1293 2381 ooo·

158 2427 237 2521 silis,
252 2449 299 2510 ea,
309 2428 450 2495 universe
462 2428 487 2497 si
499 2448 561 2492 rem
571 2431 695 2511 spectas,
706 2426 867 2510 bajusnon
877 2427 985 2510 magis,
1000 2446 1090 2510 quam
1101 2432 1292 2495 caeterorum

158 2542 283 2606 fuerunt
303 2540 427 2605 Veteris
446 2541 632 2610 Testamenti
657 2541 896 2608 Historioorum.
932 2541 1050 2617 Veluti,
1068 2542 1292 2610 eodemnostro

158 2659 301 2721 monente
324 2655 452 2734 Oritioo,
478 2655 531 2738 qui
554 2655 675 2740 Rapum
697 2658 859 2738 utrumqne
882 2653 993 2727 librum
1019 2655 1153 2739 redegit,
1171 2655 1205 2721 id
1231 2653 1290 2721 sibi

159 2768 257 2834 voluit
279 2789 314 2832 ac
336 2767 496 2833 scribendo
518 2769 677 2853 spectavit,
694 2769 787 2833 utin
799 2768 936 2854 foedare,
955 2771 1038 2853 qaod
1059 2791 1127 2835 oum
1149 2769 1218 2834 Deo
1234 2791 1291 2854 pa·

157 2886 281 2970 piparat
299 2883 427 2959 Motsas,
448 2894 617 2953 constanter
635 2884 865 2964 secontincrasst
883 2883 1036 2967 solumque
1059 2885 1136 2947 adso
1159 2883 1291 2950 soteres

157 2998 306 3064 detonans
328 2997 497 3063 Israelitas·
514 3046 515 3049 ,
535 2997 627 3069 Quod
649 2996 686 3067 ab
709 2997 761 3074 iis,
780 3017 858 3080 quae
882 2994 1032 3061 Chronico
1048 2995 1205 3064 obversata
1225 3017 1291 3065 esse

50 3177 53 3181 ,
147 3116 260 3198 putat,
284 3111 435 3177 scribendi
457 3110 619 3197 propositis
640 3110 742 3176 verbis
764 3111 877 3196 potins,
902 3133 992 3195 quam
1015 3132 1048 3176 re
1070 3112 1202 3186 differre,
1221 3112 1291 3196 quis

156 3248 217 3293 non
241 3227 346 3292 videt?
368 3264 412 3277 -
435 3226 532 3292 Plane
549 3247 605 3290 nos
628 3226 823 3293 assentientes
842 3223 931 3289 habet
948 3223 1140 3302 Thenius,
1159 3222 1212 3288 ubi
1227 3246 1290 3288 nora

156 3342 222 3409 siras
242 3340 368 3408 coculis
390 3341 545 3425 scripsisse
563 3341 661 3425 ,Viros
682 3345 804 3405 sanctos
827 3339 975 3414 affirmat,
1007 3359 1064 3401 nec
1086 3339 1187 3408 cudae
1209 3358 1288 3402 oon·

155 3457 306 3536 texuisse,
331 3457 362 3520 id
386 3461 444 3534 est,
468 3477 545 3540 qnae
567 3456 603 3520 ad
626 3457 720 3520 solam
744 3455 856 3519 civium
879 3444 1107 3516 delectationem
1131 3472 1290 3535 compono·

156 3574 272 3651 rentur,
293 3589 393 3634 rernm
416 3559 569 3653 gestarum
586 3569 782 3633 narrationes.
831 3564 910 3629 Cum
933 3563 1012 3627 enim
1036 3562 1232 3637 actamnisi
1249 3584 1289 3628 ex

156 3684 273 3747 sincero
294 3683 429 3749 Jehovao
451 3683 536 3753 cultu
559 3687 740 3762 manantem,
762 3677 872 3773 populo
888 3678 1061 3764 sperandam
1080 3699 1143 3741 esse
1159 3676 1289 3741 salutem

156 3796 215 3863 sibi
243 3820 416 3884 persuasum
446 3796 610 3873 haberent,
641 3794 778 3862 adhunc
808 3794 905 3877 ipsam
927 3792 1098 3856 sectandam
1120 3791 1287 3874 pietatem,

156 3909 236 3975 haud
259 3912 326 3975 sins
349 3912 408 3976 Dei
431 3912 570 3988 numine,
591 3910 739 3996 majorum
761 3909 835 3973 fatis
854 3908 1016 3973 memoriae
1032 3905 1160 3991 proditis
1178 3910 1288 3990 aequa·

154 4024 199 4091 les
221 4025 349 4109 quisque
371 4017 616 4110 suosimpellere
632 4025 733 4089 conati
748 4029 831 4088 sunt.
865 4022 982 4088 Verum
998 4022 1210 4107 gravissimum
1229 4020 1289 4112 hoc

154 4130 314 4204 censilinm
338 4158 399 4201 non
421 4139 465 4203 ita
486 4140 622 4223 profecto
644 4140 763 4222 assequi
787 4137 967 4214 voluerunt,
992 4130 1105 4217 immo,
1131 4136 1212 4220 qnod
1235 4158 1288 4221 po-

90 4276 92 4280 ·
152 4254 216 4318 tius
238 4254 398 4320 dicendum
421 4258 504 4329 erat,
529 4254 601 4319 huic
622 4276 682 4320 uon
705 4255 749 4317 ita
773 4253 875 4316 deesse
897 4250 957 4315 sibi
979 4250 1099 4315 licitum
1123 4253 1284 4334 putarunt,

155 4372 190 4432 nt
213 4389 268 4451 pro
290 4369 370 4434 veris
391 4367 464 4432 falsa
485 4366 737 4445 narrarent',.ent
758 4389 813 4452 pro
836 4372 934 4432 certae
950 4365 1020 4430 fidei
1038 4366 1155 4432 eventis
1171 4365 1285 4448 lepidas
