2828 4950
632 353 810 398 rasonours.
1223 335 1284 399 165

152 541 263 606 genere
277 519 582 605 Monogrammatum,
597 520 707 604 quibus
718 522 862 585 tredecim
875 543 1018 585 annorum
1031 521 1283 608 (lala-1825)

152 637 249 718 spatio
281 634 382 712 editis,
417 635 452 697 ad
486 635 624 720 graviora
652 637 741 699 etiam
774 635 977 721 aggredienda
1008 658 1072 700 sese
1095 640 1285 721 praepararat

152 750 211 812 Vir
234 750 374 828 exImius,
401 747 603 832 pulcherrima
627 751 720 812 series
743 751 861 812 exstit't
876 772 910 813 aa
925 755 1040 813 catena.
1078 751 1187 834 Neque
1204 753 1283 815 enim

151 862 288 926 breviora
312 879 475 926 memorare
498 883 676 947 possumus,
710 865 766 926 atsi
790 867 844 927 sua
866 863 954 928 laude
976 887 1036 928 non
1061 865 1281 941 defraudanda,

150 980 227 1042 varii
251 979 420 1063 argumenti
453 978 696 1065 commentariola
728 1000 762 1040 ac
797 978 1026 1061 disputationes,
1053 977 1106 1066 vel
1124 976 1176 1039 illo
1200 982 1282 1040 tem-

150 1094 233 1175 poris
255 1094 412 1158 intervallo
442 1094 489 1156 vel
521 1099 623 1178 postca
646 1094 809 1178 evulgatas.
857 1093 970 1157 Eodem
994 1099 1105 1172 autem,
1131 1114 1191 1177 quo
1215 1095 1283 1156 Aa·
1330 1172 1336 1184 Ι

150 1208 340 1289 trpnosticram
368 1209 478 1284 emisit,
513 1228 591 1270 anno
626 1209 725 1279 1825,
763 1209 917 1292 copiosum
949 1207 1024 1272 illud
1055 1177 1142 1271 edere
1169 1208 1284 1292 incepit

148 1320 306 1384 doctrinae
329 1327 569 1398 monumentum,
596 1322 688 1404 quod,
714 1323 783 1396 etsi,
810 1321 903 1385 eheu!
928 1321 1102 1385 inchoatum
1127 1323 1280 1393 maneant,

150 1440 249 1498 tamen
274 1434 310 1497 ad
335 1437 481 1500 Auctoris
503 1457 612 1498 nomen
636 1437 822 1520 posteritatis
852 1436 1041 1499 admirationi
1073 1435 1281 1499 commendan-

149 1548 222 1612 dum
245 1549 294 1612 vel
317 1548 411 1614 solnm
437 1552 634 1613 suffecturum
658 1551 784 1624 tuissetr
820 1551 992 1636 Relipionis
1015 1563 1103 1636 atque
1129 1551 1282 1617 Ecclesiae

151 1659 345 1727 Christianae
372 1664 528 1727 historiam
557 1665 768 1729 universalem.
817 1663 916 1748 Cujus
946 1667 1044 1749 operis
1070 1666 1096 1727 V
1120 1665 1282 1730 volumini·

148 1776 217 1852 bus,
252 1776 283 1839 X
312 1777 455 1840 Partibus
486 1799 539 1841 seu
562 1779 676 1850 Tarnis,
711 1781 904 1862 gravissimae
934 1780 1114 1842 narrationis
1136 1778 1240 1858 telum,
1265 1801 1281 1840 a

147 1890 236 1974 Reip.
269 1890 458 1954 Christianae
492 1893 624 1956 exordiis
656 1893 691 1955 ad
723 1894 806 1955 tertii
839 1898 870 1954 et
900 1891 1009 1955 decimi
1040 1891 1134 1955 seculi
1165 1893 1281 1955 emtum

146 2005 227 2079 fere,
251 2005 282 2067 id
305 2005 409 2068 estad
434 2006 643 2069 Bonifatii
668 2006 752 2068 VIII
776 2007 990 2070 Pontificatum
1015 2005 1193 2084 Maximum,
1216 2007 1280 2089 ipse

146 2120 273 2182 deduxit
297 2119 472 2183 Historicus
494 2121 556 2203 (1).
603 2120 672 2196 Oui,
698 2120 858 2202 quominus
881 2121 1049 2183 recentiora
1079 2120 1150 2182 item
1174 2141 1209 2181 ac
1232 2140 1280 2182 re·

145 2235 318 2298 cautissima
334 2239 467 2318 tempora
492 2235 752 2317 complecteretur,
773 2255 834 2296 non
851 2255 921 2296 sane
936 2232 1119 2299 voluntatem
1137 2233 1277 2308 defuisse,

145 2370 252 2413 verum
275 2349 419 2432 corporis,
447 2348 601 2413 oculorum
627 2349 765 2424 maxime,
792 2345 979 2410 debilitatem
1001 2345 1165 2425 obstitisse,
1192 2367 1280 2430 supra

142 2464 206 2547 jam
230 2463 413 2526 monuimus.
464 2461 534 2532 Quo
557 2465 653 2548 magis
677 2485 714 2525 ex
734 2462 902 2544 posthumis
923 2461 1006 2526 illius
1028 2447 1152 2524 scidulis
1171 2460 1278 2524 XI¹¹¹⁰¹¹¹

144 2583 228 2642 certe
251 2578 379 2640 Tamum
409 2589 543 2660 nupera
567 2576 808 2640 Schneidero
839 2577 974 2660 depromi
1004 2577 1137 2661 potuisse
1167 2574 1278 2639 laetan-

145 2693 217 2756 dum
252 2697 306 2768 est,
341 2699 430 2774 atque
461 2694 502 2756 ita
538 2691 664 2756 Concilii
691 2692 876 2754 Basilehnsia
906 2697 1023 2774 tempus
1047 2690 1109 2772 jam
1139 2689 1276 2773 attigisse

144 2807 347 2870 narrationem
373 2805 432 2889 (l).

188 3148 258 3211 Jam
282 3149 307 3211 si
332 3147 421 3230 hujus
444 3145 632 3229 potissimum
656 3145 753 3226 operis
777 3144 988 3227 praestantiam
1012 3145 1130 3228 copiose
1153 3143 1273 3209 laudare

140 3261 324 3346 aggrederer
358 3260 552 3344 singulasque
586 3261 651 3341 ejus
687 3259 814 3321 virtutes
856 3257 1025 3341 praedicare
1066 3259 1273 3330 instituerem,

140 3380 244 3460 inepte
267 3397 314 3437 me
337 3375 489 3457 loquacem
514 3373 681 3457 proderem.
731 3371 801 3434 Hoc
824 3372 906 3434 enim
930 3372 1031 3454 agenti
1055 3392 1093 3433 ne
1122 3371 1191 3452 quis
1221 3368 1274 3432 ob·

137 3491 226 3574 jiciat
256 3489 420 3552 verendum
449 3490 505 3565 sn,
537 3486 615 3570 quod
646 3485 878 3549 Atheniensium
908 3485 1010 3547 nescio
1041 3485 1089 3547 cui
1122 3481 1269 3556 Rhetori,

143 3657 297 3665 ——n—--

177 3779 213 3839 (1)
233 3776 304 3838 Quae
323 3779 390 3827 enim
408 3777 494 3842 paullo
512 3777 586 3841 plura
600 3777 653 3839 jam
672 3784 855 3828 commentatus
872 3787 935 3835 eret,
955 3794 986 3827 ea
1004 3781 1077 3828 odere
1095 3791 1145 3826 non
1164 3779 1254 3841 potuIt.

175 3872 214 3933 (2)
233 3871 334 3920 Dicitur
359 3886 435 3934 opus:
461 3871 494 3919 A.
519 3869 550 3919 N.
572 3869 664 3934 nllpenr.
688 3867 824 3919 Geschr'chte
847 3871 889 3920 der
914 3870 1008 3920 Christi.
1033 3870 1087 3920 Ral.
1114 3887 1136 3919 u.
1162 3868 1268 3930 Kirrhe;

137 3963 234 4014 Hamb.
256 3970 431 4015 lars-1845.
457 3965 546 4013 ΧΙΠΠΗ11
564 3965 685 4022 Tamum,
711 3965 875 4027 posthumum
894 3965 981 4024 illum,
1009 3967 1085 4014 edidit
1103 3961 1192 4015 Schn.
1211 3963 1269 4014 illd.

142 4062 217 4107 1852.
231 4082 264 4093 -
281 4056 464 4106 Nederlandice
481 4072 632 4107 conversum
650 4072 714 4121 opus
727 4058 778 4106 bini
791 4059 864 4106 edere
882 4059 1031 4121 inceperunt
1045 4056 1103 4106 viri
1123 4057 1269 4112 doctissimi,

137 4150 251 4214 primum
277 4151 378 4212 quidem
403 4148 437 4197 Η.
461 4149 488 4200 J.
507 4149 648 4214 Spijkcr‚
675 4150 760 4199 Amet.
781 4153 856 4209 1827,
881 4150 939 4199 Rot.
962 4155 1038 4204 1830;
1064 4155 1150 4213 postea
1175 4147 1218 4197 W.
1237 4146 1268 4198 C.

135 4240 268 4300 Maure,
295 4241 418 4291 Roterod.
441 4247 504 4292 1848
523 4257 578 4306 sqq.
614 4243 654 4292 De
673 4245 782 4306 utraque
800 4243 850 4292 dici
867 4249 949 4306 potest
966 4241 1181 4305 interpretatione,
1201 4241 1269 4303 quod

135 4333 168 4382 de
186 4333 326 4408 posteriore
346 4342 452 4384 testatur
470 4336 577 4399 Ephem.
598 4333 698 4386 Waarh.
713 4336 737 4384 in
755 4335 941 4400 Liefrle,1852.
959 4342 982 4384 3.
995 4338 1056 4383 573:
1076 4332 1269 4399 nPerrpicur'tote

133 4423 201 4489 lonpe
216 4436 314 4490 superat
331 4427 481 4493 archetypum
498 4428 677 4491 interpretatas
688 4455 720 4464 -
731 4427 878 4481 Britannice
894 4429 968 4479 etiam
983 4431 1133 4479 conversum
1144 4433 1182 4479 est
1191 4442 1265 4492 opus.
