2782 4958
603 117 779 164 ruromcrs.
1219 109 1281 170 149

131 285 366 362 Eualdius‚
392 285 461 368 qui,
487 285 548 350 uisi
569 286 724 371 pluribus,
754 286 835 352 binis
858 291 939 354 certe
964 288 1134 358 Annalium
1156 315 1279 360 suorum

126 401 219 465 locis
249 398 391 484 quidde
422 398 587 464 Basileiusi
618 403 746 466 sentiret
778 402 910 468 Doctore
941 403 1035 471 libere
1066 413 1155 492 atque
1180 416 1281 495 aperte

122 517 297 603 professus
320 520 377 578 est.
426 513 526 585 Quem
549 538 638 596 vero,
671 538 740 582 cum
771 518 856 602 plura
879 520 971 597 imeo
993 521 1164 605 vituperet,
1190 544 1279 608 quam

122 632 268 710 laudet,
300 637 389 716 atque
417 633 529 696 iccirco
560 633 593 695 iu
616 651 738 717 gravem
768 632 851 696 illius
878 634 1093 700 admiratorum
1116 637 1279 721 reprehen-

122 749 261 812 sionem
292 748 474 826 incurrcrit,
509 749 561 810 vix
583 752 636 812 aut
658 769 696 811 ne
719 749 770 812 rix
793 749 913 832 quidem
938 751 969 814 in
992 750 1197 817 laudatoribus
1222 774 1278 817 nu·

123 883 261 928 merare
282 862 355 927 licet
371 862 428 948 (1).
448 899 489 911 -
506 861 564 926 Sed
588 883 649 927 uon
672 862 798 927 dubium
822 864 855 927 in
878 865 917 928 iis
940 862 998 929 sibi
1022 865 1122 930 locum
1145 867 1279 931 vindicat

123 977 354 1042 Eduardus
382 976 598 1055 Reussius,
624 976 737 1060 quide
765 964 990 1045 Commentario
1011 981 1045 1044 in
1070 980 1278 1067 Apocalypsin

122 1093 180 1156 ita
214 1092 341 1172 retulit,
372 1097 408 1156 ut
438 1091 576 1155 relationi
605 1090 699 1155 multa
722 1090 886 1176 subjiceret
908 1095 1052 1158 Auctoris
1076 1095 1107 1158 in
1131 1093 1276 1160 honorem

125 1207 259 1271 monita
283 1203 347 1294 (2).

182 1319 233 1383 Ex
258 1320 348 1383 dictis
369 1318 539 1384 luculenter
562 1325 703 1404 apparet,
737 1341 826 1404 quam
854 1321 964 1385 multas
986 1343 1094 1406 easque
1117 1343 1206 1408 quum
1230 1324 1275 1386 di·

124 1438 257 1513 sertam·
286 1432 397 1516 quibus
427 1432 519 1516 hujus
548 1454 619 1518 prae
647 1435 773 1499 caeteris
800 1434 949 1521 Theologi
972 1434 1130 1521 lugeretur
1153 1436 1272 1518 abitus,

123 1570 229 1614 voces
251 1569 285 1614 au
308 1548 444 1634 querelas
471 1551 633 1615 Germania
660 1550 795 1613 emiserit
823 1555 912 1633 atque
936 1549 1088 1615 Heluetia.
1136 1552 1195 1616 Sed
1218 1573 1275 1616 nec

124 1669 243 1729 mostra
266 1664 339 1729 hacc
366 1665 488 1740 Putria,
518 1664 572 1729 ubi
603 1664 686 1728 illius
709 1665 740 1727 in
767 1663 890 1728 Novum
922 1664 1147 1728 Testamentum
1170 1667 1275 1750 impri-

132 1779 198 1842 mis
220 1779 437 1843 Gommentarii
461 1779 613 1862 frequenti
636 1779 769 1863 plurium
792 1798 850 1842 usu
873 1779 930 1842 teri
954 1779 1072 1860 solent,
1105 1781 1274 1846 vicinorum

128 1894 170 1958 iu
193 1894 281 1959 luctu
303 1892 390 1978 plane
406 1893 471 1957 'sibi
494 1893 644 1957 silendum
667 1891 799 1976 putavit.
845 1891 935 1975 Apud
959 1911 1014 1954 nos
1037 1892 1136 1970 enim,
1162 1913 1201 1955 ne
1224 1913 1274 1956 su·

131 2031 191 2094 pra
220 2009 375 2075 laudatum
407 2009 506 2073 denuo
537 2009 691 2073 nominem
734 2007 1062 2082 Herwerdenium,
1104 2007 1270 2073 Oostcr-

136 2126 227 2190 nius
250 2131 282 2189 et
303 2123 547 2199 tertiemus,
573 2128 635 2187 tam
651 2127 789 2187 accurate
813 2143 847 2184 ac
870 2124 958 2186 tanti
976 2120 1144 2207 clcguutid„
1164 2122 1271 2186 iisdem

138 2244 264 2324 uterque
293 2242 327 2304 iu
356 2238 544 2315 Annalibus,
578 2239 662 2317 Viri,
695 2238 732 2301 de
763 2258 822 2323 quo
851 2236 1023 2321 loquimur,
1067 2257 1135 2301 cum
1167 2236 1271 2301 laudes

139 2352 338 2430 celebrtmut,
365 2359 430 2417 tum
454 2374 570 2418 errores
592 2354 624 2416 in
647 2353 755 2417 critico
777 2352 926 2437 imprimis
949 2373 1059 2436 genere
1082 2351 1269 2416 demonstrt·

138 2473 219 2545 mut,
244 2473 281 2531 ut
302 2489 362 2531 non
387 2467 502 2531 minore
521 2467 591 2551 jure
614 2465 838 2532 Germanorum
864 2467 906 2528 in
921 2486 1088 2530 sermonem
1111 2467 1269 2549 utriusque

138 2582 775 2664 convertereturcommentatio,quamquo
791 2585 922 2644 nostram
939 2581 970 2643 iu
987 2580 1123 2665 linguam
1139 2580 1269 2645 Schen-

137 2696 238 2761 kelii
262 2718 405 2761 conversa
427 2700 500 2760 sunt
522 2694 685 2780 parentalia
709 2695 767 2780 (3).

178 2809 388 2896 Francogallia
418 2810 539 2875 taudem
569 2831 645 2895 quae
673 2796 794 2894 publica
823 2809 861 2872 de
890 2810 1109 2875 Basileensium
1136 2811 1268 2874 Doctore

133 2924 247 3008 judicia
274 2925 396 3002 tulerit,
427 2925 478 2989 alii
507 2924 609 2989 dicant
636 2924 735 2988 velim.
781 2924 889 3008 Neque
918 2927 998 2989 euim
1022 2929 1084 2988 tam
1107 2930 1264 3004 accurate,

135 3060 222 3123 quem
250 3045 441 3125 oportuerat,
473 3041 506 3103 in
536 3039 662 3104 scidulis
684 3061 718 3102 ea
740 3061 787 3103 me
810 3041 947 3103 enotdsse
970 3039 1067 3103 video.
1114 3037 1267 3110 Quocirca

135 3156 164 3218 iu
188 3154 247 3219 hoc
270 3176 331 3219 uno
352 3155 413 3239 jam
437 3156 594 3239 acquiesco
618 3155 780 3239 desinoque
808 3155 933 3217 monito.
983 3153 1096 3217 Fuerat
1117 3153 1265 3237 quispiam

134 3271 183 3353 qui
207 3271 256 3336 rai
283 3269 476 3336 Christianae
506 3269 644 3334 Anciiuia
673 3268 729 3352 (sic
756 3269 835 3331 euim
859 3268 1051 3331 notissimum
1075 3265 1195 3350 aliquod
1218 3266 1266 3329 di·

131 3560 219 3610 eodem
236 3559 293 3610 loco
311 3575 327 3610 a
345 3556 501 3611 Grimmio
523 3562 625 3612 laudata
642 3561 694 3611 vidi
712 3574 776 3625 qaue
794 3558 823 3609 dc
841 3555 947 3609 Der-W.
959 3557 1044 3622 juvenc
1061 3547 1143 3618 nupe'r
1162 3553 1262 3603 dixerat

133 3649 332 3712 suetonius,
351 3654 463 3717 ejusdem
481 3651 588 3717 Ephem.
606 3671 629 3705 a.
651 3660 729 3717 1850,
747 3653 793 3704 N0.
815 3659 852 3703 12.
889 3653 955 3702 Item
976 3656 1146 3699 memoratae
1163 3647 1264 3720 supplet

132 3746 370 3798 Hiibschmanni
387 3748 572 3797 narrationem:
591 3744 755 3796 Nactriclrtm
772 3743 813 3793 00.
830 3741 868 3791 dio
885 3739 988 3817 Familia
1000 3738 1029 3788 dc
1044 3737 1102 3802 W.,·
1114 3737 1172 3788 Jcn.
1188 3743 1263 3788 1848.
1305 3746 1308 3752 ’

164 3841 201 3904 (1)
218 3840 296 3892 Vidd.
324 3842 464 3892 Eualdii
486 3838 577 3889 Jalrrd.
600 3839 643 3889 dar
663 3836 719 3888 citt
746 3832 890 3889 Wisscnsclr.
912 3835 950 3884 11.
974 3838 1050 3893 1849,
1069 3848 1096 3897 p.
1118 3838 1149 3882 10
1166 3846 1221 3895 sqq·
1239 3839 1264 3882 et

132 3932 179 3984 lv,
200 3939 377 3996 1851-1852,
394 3950 421 3999 p.
444 3940 472 3984 15
491 3949 541 3998 rq.;
560 3934 604 3985 ubi
621 3930 738 3983 Immitis
756 3931 781 3981 ia
804 3929 833 3980 V.
854 3929 883 3980 Τ.
901 3936 1029 3992 postrema
1046 3933 1162 3976 censetur
1177 3926 1262 3974 editio.

164 4027 201 4090 (2)
220 4027 281 4078 vid.
298 4026 365 4092 Altq.
384 4027 474 4090 (Hali.)
494 4026 543 4076 Lu.
561 4026 626 4077 Zeit.
649 4030 728 4083 1840,
748 4022 796 4071 N0.
815 4027 862 4072 255
883 4037 920 4087 sq.

164 4122 202 4183 13)
220 4121 299 4172 Vidd.
318 4114 470 4171 Jdartockcn
487 4136 542 4168 coor
564 4117 734 4182 waensctapp.
755 4114 876 4181 llreolopic
901 4113 1023 4178 (Uincla,
1045 4107 1117 4175 18511)
1136 4109 1210 4161 VIII.
1230 4116 1259 4168 2,

133 4225 154 4273 p.
173 4218 219 4263 537
239 4229 291 4278 sqq.
310 4213 384 4265 v111.
405 4221 433 4275 3,
451 4229 477 4278 p.
498 4218 546 4262 500
565 4227 619 4275 sqq.
