2782 4958
715 125 866 168 Naausulo

228 289 308 363 timo
326 289 388 364 lroc
407 292 507 363 totius
528 290 636 390 operis
653 289 826 363 Volumina
847 287 1041 375 continetur,
1059 286 1167 360 Amici
1189 312 1331 363 commen·-

227 413 386 487 tariolum.
439 413 555 503 Quod,
574 413 714 487 utinam!
732 437 773 486 ne
795 412 940 484 altimum
961 410 1056 484 nobis
1078 409 1251 484 dicendum
1270 411 1331 486 tris

125 586 128 590 -
225 539 292 608 set!
320 538 369 609 De
385 535 557 610 &aarum
578 536 632 609 bic
657 537 765 633 agitur
791 538 825 606 ia
849 537 1039 609 Nosoaomiis
1054 534 1262 622 Aatr’stitibas,
1278 561 1335 633 quas

223 658 499 731 Nederlaadoram
516 659 623 731 babuit
641 659 767 732 habetor
788 658 934 732 Ecclesia
954 658 1016 757 (l).
1043 656 1143 746 Quod
1159 659 1186 730 si
1202 659 1255 732 cui
1270 658 1340 738 lorte,

223 781 327 854 levius
346 807 418 854 esse
444 781 593 854 videatur
616 794 866 879 argumentum,
895 808 960 855 non
986 780 1079 853 valde
1096 780 1242 854 mirabor
1263 781 1336 879 equi-

223 903 306 977 dem.
359 905 536 979 Eoimvero
566 905 664 979 Medii
699 906 781 979 Aevi
815 903 1129 1004 Pontificiorumque
1157 929 1199 977 ex
1227 929 1285 977 usu
1308 928 1338 977 ac

223 1027 460 1101 consuetudine
484 1053 583 1126 quam
606 1028 686 1102 scite
712 1029 870 1115 muneris,
893 1028 934 1100 de
958 1053 1025 1126 quo
1046 1029 1277 1127 quaerebatur,
1297 1054 1350 1103 ra-.

223 1150 343 1223 tionem
369 1149 508 1224 illustret
525 1177 704 1249 cognoscas
721 1152 827 1225 velim.
856 1154 931 1238 Quo
948 1152 1033 1224 lacto
1056 1178 1122 1225 non
1140 1151 1230 1226 nulla
1250 1164 1338 1240 certe,

222 1297 323 1370 quae,
343 1286 418 1346 utut
433 1274 517 1346 scitu
540 1274 657 1372 digna,
679 1275 750 1348 'libi
773 1301 838 1348 non
857 1275 969 1374 magis,
987 1299 1086 1373 quam
1109 1274 1208 1363 mibi,
1228 1275 1348 1371 cognita

222 1410 345 1482 essent,
376 1398 421 1469 Te
447 1395 597 1471 didicisse
623 1399 786 1472 fateberis.
839 1400 951 1498 Atque
979 1398 1131 1471 universe
1156 1396 1194 1470 lit
1217 1395 1349 1471 subinde

223 1529 260 1589 ut
285 1517 419 1589 Pictoris
443 1543 496 1590 ars
517 1544 555 1592 ac
581 1519 696 1618 peritia
721 1520 823 1617 magis
850 1519 946 1592 etiam
970 1521 1002 1591 in
1027 1520 1155 1618 exiguis
1183 1545 1222 1594 ac
1247 1519 1360 1593 minu-.

222 1640 281 1726 tis,
308 1665 390 1739 quas
416 1640 585 1732 informet,
615 1643 716 1717 rebus
741 1643 886 1733 eluceat,
917 1668 1014 1742 quam
1046 1644 1078 1716 in
1105 1643 1232 1742 magnis
1254 1656 1353 1743 atque

222 1762 411 1836 illustribus.

271 2385 332 2456 Tot
358 2383 457 2480 igitur
485 2382 571 2456 illius
596 2397 688 2472 sunt,
711 2398 795 2483 quot
820 2385 1010 2459 brevissime
1035 2385 1276 2473 recensuimus,
1294 2383 1339 2456 div

221 2506 306 2578 versi
334 2506 462 2602 generis
486 2507 607 2605 scripta
636 2532 675 2606 ac
697 2505 951 2604 disputationes,
980 2506 1227 2606 quibusquam
1254 2504 1344 2606 pluri.

223 2653 294 2700 mos
315 2628 476 2700 Ecclesiae
495 2629 622 2726 patriae
643 2630 678 2700 ia
701 2629 848 2702 Historia
867 2627 956 2701 locos
978 2628 1154 2703 illustraret
1175 2654 1215 2702 ac
1238 2628 1336 2728 capita.
1378 2606 1381 2629 Ι

223 2751 326 2849 quue
352 2752 416 2838 ita,
442 2764 479 2825 ut
504 2752 659 2851 pleraque
681 2777 763 2823 aare
787 2751 925 2840 dmum,
953 2766 990 2824 ut
1014 2777 1074 2850 par
1099 2767 1186 2843 erat,
1209 2751 1337 2852 exposita

223 2874 512 2948 esseviderentur.
539 2877 662 2948 Verum
681 2876 824 2973 palmare
844 2875 899 2948 btc
922 2900 962 2948 ac
985 2876 1138 2974 princeps
1156 2876 1244 2952 illius
1261 2878 1337 2975 Opus
1378 2872 1381 2981 l

223 3012 291 3085 est,
329 3022 396 3096 quo
426 2985 618 3071 introductae
644 3000 679 3069 ia
715 2991 969 3071 Nederlaadiam
996 3001 1118 3096 ibique,
1143 3000 1246 3073 Will
1253 2997 1336 3085 ridi,
1378 3004 1381 3087 ᾗ

222 3120 524 3207 Willebrurdi,
560 3120 777 3194 Bonilacii
814 3119 1019 3221 aliorumque
1054 3127 1169 3220 opera,
1200 3120 1337 3196 sratttiae
1379 3108 1381 3127 ¹

223 3245 396 3342 Relipiaais
414 3244 612 3317 Christianae
630 3244 792 3316 historiam
804 3258 943 3318 enarrat.
970 3246 1076 3330 Quem
1097 3241 1231 3336 librum,
1248 3245 1337 3318 hono·

226 3403 392 3413 m

224 3489 275 3527 aaa
289 3473 405 3538 Utreclrt,
421 3473 580 3542 berretaettje
592 3475 622 3527 de
634 3472 815 3538 medewerkr'aq
828 3486 880 3522 aaa
895 3485 951 3523 aare
962 3468 1056 3522 cauae
1068 3466 1274 3538 Bibelaertaliap
1285 3474 1336 3532 etta

227 3571 302 3640 Traj.
321 3574 358 3626 aa
375 3572 425 3625 Ra.
448 3577 529 3626 1853.
571 3571 650 3637 Quae
669 3571 742 3625 enim
769 3587 819 3625 suo
842 3567 923 3640 plane
952 3568 987 3621 de
1002 3567 1109 3639 judicio
1129 3569 1277 3641 scripserat
1292 3565 1337 3629 ille,

225 3668 259 3724 iis
272 3670 518 3742 praefatiunculam
535 3669 634 3738 solum,
653 3686 687 3724 eo
705 3676 834 3740 rogante,
851 3666 995 3740 praemisit
1012 3665 1048 3720 cl.
1062 3664 1231 3723 Vinkius.
1257 3663 1337 3721 Basor-

225 3769 350 3825 midabat
369 3769 507 3839 nimirum,
528 3786 611 3841 quem
629 3768 766 3840 lugemus,
786 3767 838 3822 Vir
857 3764 1088 3838 prudentissimus
1108 3781 1155 3833 ne,
1176 3765 1266 3821 alieno
1283 3770 1336 3819 tero·

225 3887 293 3943 pore
313 3877 470 3942 susceptum
489 3869 644 3940 negotium,
665 3867 791 3941 quamvis
811 3883 861 3939 per
880 3883 910 3921 se
928 3863 1079 3933 laudabile,
1096 3882 1185 3938 noras
1205 3865 1235 3919 in
1251 3863 1337 3936 agitat

225 3970 403 4025 vehementer
427 3986 459 4024 ac
484 3974 617 4025 concussa
640 3967 764 4022 Ecclesia
790 3966 885 4022 turbas
912 3964 1048 4020 excitaret
1067 3971 1096 4020 et
1114 3965 1302 4021 altercationes
1316 3962 1337 4014 ct

226 4073 340 4139 χείρονα
357 4070 508 4137 σχίσματα.

265 4164 311 4234 (1)
330 4163 397 4219 vid.
417 4164 488 4216 larrd.
508 4162 563 4216 Vol.
585 4179 614 4232 p.
637 4165 797 4214 soe—347.
825 4159 868 4217 De
889 4158 921 4215 iis
941 4157 979 4215 ibi
998 4155 1102 4230 agitur,
1121 4157 1171 4230 qui
1187 4152 1335 4230 vulgoblot·

226 4259 345 4316 tratibus
364 4260 480 4317 audiunt
501 4259 760 4329 Gastlruispredilcers.
