2782 4958
223 1266 282 1332 rr.
309 1263 669 1333 Schleiermacher's
692 1267 907 1354 Briefsoectoel
928 1271 984 1334 mit
1003 1270 1033 1334 J.
1050 1269 1136 1335 Chr.
1159 1271 1261 1336 Gara.

268 1379 334 1447 Mit
362 1383 447 1447 einer
480 1382 730 1467 tiopraptisotea
770 1383 904 1450 Vorrede
937 1386 1175 1474 taompepebeu
1207 1408 1265 1453 oon

267 1495 319 1560 D‘.
343 1495 397 1560 W.
423 1496 541 1573 assa
565 1495 667 1562 Berol.
692 1497 792 1562 1852.

650 1663 742 1674 ...a-2·-

220 1783 561 1852 Schleiermacheri
591 1811 660 1852 oum
681 1787 714 1855 J.
740 1787 825 1854 chr.
850 1789 941 1854 Gaea
964 1789 1160 1875 epistolarum
1186 1814 1262 1858 com·

265 1901 419 1965 mercium.
459 1900 535 1967 Cum
553 1901 761 1989 praefatione,
786 1903 943 1989 utriusque
965 1905 1058 2005 vitam
1081 1905 1260 1987 illustrante,

263 2014 361 2078 edidit
382 2013 436 2078 W.
463 2015 572 2093 Geso,
602 2015 704 2081 Theoi.
732 2015 826 2103 Prof.
853 2010 1008 2082 eumad.
1036 2015 1262 2106 Goyptissoald.

262 2127 413 2193 Praefatio
452 2129 529 2209 XO,
565 2131 646 2216 ipsae
680 2128 821 2217 deinceps
854 2131 996 2216 epistolae
1031 2137 1096 2200 282
1136 2135 1262 2218 impleut

262 2264 355 2329 Pagg·

622 2521 755 2539 ...ο-

165 2783 217 2848 De
250 2779 603 2850 Schleiermachero
626 2771 866 2866 quotusquisque
895 2787 1015 2848 nostrae
1038 2782 1130 2868 huJ'us
1153 2786 1258 2849 acutis

109 2889 348 2980 Theologorum
372 2901 429 2971 est,
455 2895 508 2979 qni
531 2915 592 2959 non
615 2895 734 2979 saepius
749 2894 807 2960 sibi
830 2896 990 2963 dicendum
1013 2899 1187 2983 putaverit?
1210 2902 1258 2965 Ao

107 3009 292 3091 permultos
314 3008 386 3071 adeo
409 3008 503 3070 fuisse
524 3008 684 3088 nummus,
716 3009 788 3092 qui,
815 3029 870 3074 suo
899 3011 1026 3095 quisque
1050 3012 1158 3087 modo,
1192 3011 1259 3094 ejus

107 3144 153 3190 ex
188 3123 327 3190 fontibus
356 3123 493 3188 hortulos
524 3144 595 3188 suos
626 3125 802 3209 irrigarent.
851 3124 985 3208 Quibus,
1016 3127 1153 3211 quamvis
1176 3127 1257 3190 inter

106 3260 147 3304 se
173 3237 437 3319 dissentientibus,
463 3260 499 3301 eo
522 3239 707 3303 commodior
721 3240 755 3301 in
771 3239 927 3305 nonnullis
942 3247 1024 3304 certe
1046 3241 1152 3304 ducem
1168 3240 1256 3304 illum

106 3353 267 3439 sequendi
290 3353 339 3416 ria
361 3357 464 3437 parata
489 3357 666 3437 arctatque
689 3353 909 3437 opportunitas,
935 3374 996 3438 quo
1018 3353 1119 3439 plures
1141 3359 1171 3416 et
1194 3373 1255 3437 quo

106 3469 218 3554 magis
248 3468 380 3532 diversas
411 3469 443 3531 in
475 3472 574 3552 partes
604 3469 722 3554 ingenii
753 3467 967 3553 doctrinaeque
997 3470 1030 3530 ct
1050 3448 1254 3531 institutionis

104 3584 214 3648 veluti
237 3582 347 3647 fluvios
369 3583 512 3649 diducere
535 3587 732 3647 consueverat
754 3581 918 3647 acerrimus
940 3580 1003 3660 ille,
1021 3581 1054 3644 in
1076 3601 1136 3664 quo
1150 3579 1254 3665 plures

56 3728 61 3734 ·
104 3715 178 3764 uno
209 3720 275 3762 esse
305 3698 485 3764 videbantur
514 3696 664 3778 homines,
696 3695 898 3781 Philosophus
927 3716 962 3759 ac
993 3693 1176 3779 Theologus.
1222 3696 1253 3760 A

103 3812 300 3878 Socratis
322 3813 403 3875 enim
424 3812 628 3878 familiaritate
650 3833 685 3876 ac
707 3812 892 3897 populariter
913 3809 1104 3896 colloquendi
1127 3830 1252 3877 consue·

108 3927 225 3992 tudine
254 3927 391 4011 quemvis
421 3926 513 4012 longe
544 3925 719 3991 abhorreret
742 3931 828 3991 acuta
853 3923 1188 3990 Schleicrmacheri
1217 3946 1252 3991 ac

112 4039 276 4104 dialectics
298 4040 464 4104 disserendi
487 4041 582 4114 rati03
615 4039 663 4104 vel
693 4041 738 4103 sic
765 4047 867 4104 mmeu
896 4040 929 4104 in
953 4062 988 4104 eo
1011 4041 1182 4105 simillimus
1204 4040 1251 4105 illi

114 4151 169 4218 hic
191 4160 267 4230 erat,
292 4155 385 4239 quod,
410 4176 487 4240 quae
510 4155 547 4219 de
570 4154 823 4240 sophronisci
846 4154 910 4219 filio
932 4154 1090 4221 Tullius
1112 4156 1173 4235 ait,
1198 4175 1265 4240 op·.

117 4268 192 4333 timo
211 4269 281 4354 jure
302 4270 336 4333 in
358 4269 458 4355 ipsum
480 4270 699 4336 accommodari
721 4273 855 4355 possent.
904 4268 976 4334 »Ea
1003 4267 1088 4332 idias
1109 4266 1251 4346 variio,”

123 4383 228 4466 inquit,
256 4393 304 4450 »et
326 4384 455 4450 diversio
478 4396 505 4450 et
527 4386 560 4450 ic
582 4405 700 4451 omnem
722 4396 843 4471 partem
867 4383 1015 4470 dispersis
1033 4383 1251 4468 disputationi·
