2782 4958
547 371 587 412 nn
608 369 807 412 aorananmo.
932 349 933 352 ’
1204 351 1245 415 37

127 537 299 610 brevissima
330 560 444 608 eorum
481 534 604 607 notatio
643 533 754 633 plures
786 533 917 632 impleat
950 535 1069 610 solidas
1095 536 1239 635 paginas.

131 663 240 748 lerum,
269 659 302 731 in
327 670 417 731 tanto
445 657 508 730 hoc
533 658 728 757 scriptorum
755 656 867 730 eodem
899 657 940 730 de
962 672 1154 756 argumento
1178 685 1243 731 nu-

131 808 201 855 mero
217 808 254 855 aa
275 795 446 880 proventu,
469 781 548 853 nihil
574 781 666 854 facile
695 780 828 877 reperiri
847 781 1008 868 existimo,
1036 780 1124 880 quod
1150 781 1242 853 lucua

130 905 242 994 lentius,
271 930 369 1003 quam
388 903 638 1002 Royaardsii
670 904 750 977 haec
775 903 928 993 diatriba,
954 905 995 977 de
1019 905 1173 977 Auctoris
1190 930 1242 976 so-

130 1029 203 1102 lertia
222 1044 363 1103 testetur
387 1055 426 1101 ao
453 1028 627 1127 prudentia
651 1042 684 1101 et
710 1028 858 1101 doctrina
884 1029 895 1126 (
921 1029 945 1126 )

167 1154 293 1225 Possent
318 1152 401 1227 aliae
422 1152 601 1252 quaedam,
628 1177 703 1225 cum
729 1152 922 1250 qenaraliora
947 1150 1114 1224 Ecclesiae
1132 1152 1240 1223 Histo-

129 1275 167 1347 ria
186 1276 422 1375 quodammodo
446 1278 655 1374 conjunctae,
684 1275 854 1348 memorari
881 1274 1064 1374 symbolae,
1090 1299 1172 1372 quas
1198 1274 1239 1346 ad

128 1396 195 1470 idem
213 1400 351 1472 contulit
373 1399 546 1472 Arcdloant
564 1399 709 1472 Amicus.
764 1402 800 1472 ln
825 1399 946 1499 quibus
975 1399 1174 1471 narrationes
1201 1399 1239 1469 de

125 1517 249 1594 dedicotd
279 1523 471 1620 Fribarpiae
504 1525 538 1594 in
577 1524 752 1621 Bra'spaoid
780 1523 1024 1595 Protestaatiam
1061 1522 1157 1609 aede;
1192 1568 1237 1579 ——

128 1639 187 1714 item
202 1644 236 1715 de
254 1644 483 1733 Quaternitatis
500 1646 534 1716 ia
550 1646 697 1719 Ecclesid
718 1645 903 1718 Christiana
919 1645 1064 1718 doctra'ad
1074 1675 1084 1732 ‚·
1107 1690 1147 1702 —
1168 1657 1237 1717 tum

126 1761 345 1858 delitescere,
371 1768 589 1841 deambulante
627 1771 661 1840 ia
686 1784 870 1867 perpetuum
894 1768 1031 1857 Judaeo,
1058 1768 1096 1839 de
1122 1773 1235 1868 adque,

126 1909 188 1981 quac
208 1892 288 1962 lanc
310 1905 436 1988 spectat,
459 1890 587 1963 Fabald
603 1893 667 1963 sine
688 1891 838 1989 Leqendd
851 1891 913 1990 (2).
940 1894 1062 1963 Verum
1082 1891 1114 1962 in
1136 1899 1234 1979 tanta,

127 2031 203 2106 quam
227 2014 358 2100 extulit,
380 2014 575 2112 scriptorum
597 2039 721 2101 messe,
740 2016 925 2088 accuratius
947 2030 1065 2088 cuncta
1084 2017 1235 2114 persequi

128 2137 189 2207 arcti
203 2164 266 2211 non
294 2140 405 2210 sinunt
427 2138 527 2235 hujus
548 2138 698 2234 opusculi
719 2138 843 2212 limites,
897 2141 1002 2225 Quam
1021 2138 1072 2212 vel
1091 2139 1236 2211 animad-

126 2261 284 2334 versionem
309 2275 451 2334 nostram
479 2261 530 2333 vol
554 2260 795 2334 exeusationem
823 2260 864 2332 ad
892 2261 973 2334 alios
1004 2261 1099 2334 etiam
1126 2261 1234 2359 operis

125 2375 195 2456 locos
224 2387 401 2485 pertinere,
435 2386 609 2457 Lectorum
641 2381 787 2456 attendat
812 2382 1037 2455 benevolentia
1067 2406 1230 2479 rogamus.

157 2509 219 2581 Neo
241 2534 339 2605 aegre
364 2508 462 2604 igitur
479 2508 596 2595 lerant,
616 2508 642 2579 si
665 2505 867 2605 paucissimis
884 2519 1010 2578 tantum
1035 2505 1231 2604 quibusdam

119 2630 210 2704 verbis
244 2632 406 2729 Imapt‘nes
432 2631 517 2704 illius
541 2630 608 2703 sive
639 2631 787 2702 Picturas
818 2629 981 2700 historicas
1011 2629 1230 2701 nominantem

116 2771 155 2826 ne
178 2755 324 2827 viderint.
358 2754 411 2826 Sic
435 2754 519 2827 enim
545 2766 724 2853 quaternae
746 2751 905 2850 quaedam
928 2753 1000 2849 ejus
1025 2751 1231 2850 appellantur

112 2878 312 2966 narrationes,
340 2903 425 2976 quae
445 2876 495 2950 vel
513 2876 673 2948 Ecclesiae
693 2879 951 2972 propaqatioaem
968 2876 1156 2965 informant,
1177 2875 1228 2949 vel

108 2995 243 3074 Sadalam
271 3000 542 3090 Aleaaadrt'nam,
575 2999 626 3072 vel
656 2999 837 3071 Donatistae
872 3013 904 3072 et
936 2998 1144 3095 Pelopiaaos,
1177 2997 1226 3071 vel

108 3189 250 3205 b..—

131 3315 181 3387 (1)
200 3313 284 3369 Prior
303 3313 388 3386 disp,
402 3331 500 3385 quam,
518 3310 681 3368 Germanice
701 3326 873 3380 conversam,
895 3309 1020 3383 reposuit
1039 3309 1075 3366 G.
1097 3310 1226 3366 Kinke·

105 3407 162 3468 lius
186 3413 215 3468 in
242 3412 396 3484 Illgenii
423 3413 548 3467 Zeltscdr.
561 3413 592 3481 s.
614 3416 640 3468 d.
661 3414 720 3466 liat.
745 3413 831 3466 Theol.
860 3412 939 3466 Tom.
961 3409 998 3466 V.
1028 3411 1061 3465 P.
1088 3418 1112 3464 1.
1144 3410 1222 3482 Lips.

105 3514 184 3580 laea,
206 3512 276 3566 haec
294 3512 380 3583 igitur
400 3520 493 3568 exstat
513 3512 540 3565 in
561 3512 641 3565 Arca.
668 3510 733 3566 Vol.
756 3512 797 3565 ΙΙ.
819 3530 847 3583 p.
870 3516 1017 3579 ‹an-2443
1040 3540 1074 3551 -
1094 3512 1175 3565 altera
1195 3509 1223 3564 in

105 3611 173 3666 lrclt.
189 3611 294 3665 Nederl.
315 3610 380 3666 Vol.
395 3612 419 3664 Ι.
441 3630 469 3683 p.
485 3617 584 3666 1-90.
607 3610 684 3664 Hanc
703 3609 803 3665 eximie
823 3610 963 3664 laudatam
982 3610 1039 3664 vidi
1059 3627 1076 3664 a
1096 3609 1224 3664 Censori·

105 3729 152 3782 us,
170 3729 256 3783 quum
276 3711 304 3764 in
321 3710 438 3783 Ephem.
459 3711 501 3764 De
515 3708 590 3775 Gaas,
605 3710 640 3763 ad
654 3727 680 3762 a.
698 3714 781 3776 1843,
796 3717 854 3762 tum
867 3709 896 3762 in
907 3710 980 3781 Eph.
1000 3710 1065 3764 Vad.
1077 3709 1220 3778 Letteroeff.

105 3812 124 3866 d
145 3827 176 3864 a.
200 3815 283 3877 1844,
305 3828 333 3881 p.
357 3815 408 3864 297
431 3827 494 3880 sqq.
524 3808 585 3862 Nec
598 3815 689 3862 tamen
710 3807 865 3862 attentione
885 3807 1016 3879 indignae
1036 3817 1101 3863 sunt
1120 3809 1222 3864 utrius·

107 3927 144 3964 ue
166 3908 196 3962 in
216 3908 383 3963 contrariam
403 3914 511 3980 partem
531 3905 794 3960 animadversiones.
825 3904 918 3976 Atque
937 3905 997 3978 ipse
1015 3907 1109 3975 etiam,
1131 3907 1221 3979 quiin

106 4025 146 4064 on
169 4007 253 4061 nullis
280 4024 340 4062 sese
359 4009 393 4062 ab
413 4008 448 4061 R.
470 4007 514 4060 hio
534 4005 680 4059 dissentire
703 4003 866 4076 profitetur,
888 4004 1033 4060 Kistius
1053 4016 1221 4062 commenta·

105 4106 176 4163 ionis
206 4106 334 4177 agnoscit
362 4106 572 4178 praestantiam.
611 4105 696 4159 Vidd.
717 4121 789 4176 quae
819 4104 891 4160 dixit
912 4105 990 4161 laud.
1010 4106 1091 4160 Mena
1112 4125 1142 4178 p.
1164 4113 1218 4160 435

105 4223 132 4278 q.
165 4204 240 4276 Ego,
256 4204 279 4258 si
299 4205 334 4258 de
347 4222 390 4259 me
409 4204 490 4260 fateri
503 4205 577 4273 licet,
601 4203 728 4258 Glasio
748 4203 830 4275 plane
844 4203 977 4274 assentio,
995 4223 1024 4277 p.
1039 4212 1083 4272 17,
1099 4205 1219 4258 cazariam

104 4303 192 4360 ioenti
210 4303 437 4375 disputationem.

123 4404 173 4475 (2)
194 4403 287 4456 Prima
306 4410 400 4458 exstat
424 4402 546 4459 narratio
566 4403 674 4457 Arcltiat'
692 4402 758 4458 Vol.
779 4404 816 4459 X.
841 4422 871 4476 p.
893 4410 944 4458 341
967 4422 1049 4478 sqq.;
1071 4435 1106 4447 -
1130 4405 1217 4461 altera

105 4501 288 4558 lrclaNederl.
308 4502 373 4558 Vol.
387 4503 429 4573 II,
450 4522 478 4576 p.
492 4510 544 4559 263
566 4521 641 4576 sqq.;
654 4502 783 4559 -tertia
796 4503 918 4576 ejusdem
938 4504 1003 4561 Vol.
1025 4523 1053 4578 p.
1077 4511 1128 4560 311
1150 4523 1213 4578 sqq.
