2782 4958
208 294 271 358 tb8
690 316 852 360 uunvroans

205 482 318 563 quanta
339 480 483 564 proximis
507 477 586 542 hisee
609 481 696 542 annis
718 480 829 545 iactum
853 500 915 543 esse
944 480 1097 558 novimus,
1126 482 1279 548 acerbitate
1297 503 1322 548 aa

202 596 379 678 pertinaoid,
411 595 491 658 inter
520 592 654 677 ejusdem
676 595 865 678 potissimum
896 593 1040 659 formulae
1072 594 1266 673 Christianos,
1296 597 1322 661 de

207 730 323 790 eorum,
348 729 423 791 quos
445 708 522 788 dixi,
547 707 692 772 librorum
716 709 826 792 pretio,
843 707 1002 793 dignitate,
1020 707 1161 794 legitimo
1183 732 1242 775 usu
1255 716 1326 793 atquo

208 819 321 884 honore
344 820 541 886 ecclesiastico
572 822 799 906 disceptaretur,
832 823 906 905 quin
937 823 1039 906 potius
1068 823 1180 906 diuam,
1212 823 1327 910 litigare·

207 940 270 999 tur.
300 973 339 982 —
363 935 512 1011 Baeticae,
539 957 615 1018 quae
639 936 794 1014 diountur,
828 935 998 1011 Societatea,
1027 938 1110 1002 uliae
1133 938 1254 1022 quidem
1276 941 1325 1002 vo.
1379 990 1381 1029 ,

208 1051 287 1112 Test.
314 1047 424 1112 tabulis
452 1049 626 1134 Apoorypha
655 1049 870 1135 aggregabant,
903 1052 986 1114 aliae
1010 1072 1081 1116 uero
1109 1051 1191 1117 haud
1214 1053 1276 1116 sine
1294 1053 1329 1115 in·
1379 1034 1381 1079 1

210 1163 385 1248 dignatione
407 1161 527 1226 illarum
560 1162 617 1227 hoo
639 1162 848 1248 improbabant
870 1164 1055 1228 institutum.
1105 1165 1239 1239 Quarum
1253 1166 1329 1252 igitur

210 1277 393 1341 Societatum
416 1297 451 1339 ex
477 1276 660 1340 dissensione
683 1275 784 1339 litium
807 1277 893 1361 origo
916 1275 1076 1359 repetenda
1097 1276 1232 1351 videtur,
1257 1298 1329 1361 quae,

128 1432 131 1437 ·
209 1396 277 1454 ante
301 1389 355 1453 hos
377 1390 502 1475 triginta
524 1394 585 1454 tres
607 1395 637 1454 et
660 1390 738 1473 quod
764 1391 898 1454 excurrit
921 1411 1015 1454 annos
1039 1389 1076 1476 (a.
1093 1391 1157 1454 iere
1183 1393 1291 1474 1813),
1306 1392 1331 1454 in

210 1504 313 1569 scotia
339 1504 523 1567 exarserunt.
573 1504 654 1568 Unde
684 1505 717 1567 in
751 1506 884 1588 Europae
917 1504 1122 1569 coutinentem
1156 1504 1283 1588 perlatae
1308 1526 1332 1567 ao

212 1619 431 1693 disseminatae,
457 1619 489 1692 in
515 1618 669 1682 Germanii
692 1618 843 1702 imprimis
866 1616 1029 1681 multorum
1045 1618 1126 1702 apud
1151 1620 1334 1683 Protestantes

212 1732 432 1818 Theologorum
463 1733 577 1796 animos
607 1732 818 1796 incenderunt.
867 1730 911 1794 ibi
934 1731 1015 1794 enim
1038 1731 1150 1795 Veteris
1171 1731 1334 1796 Testamenti

213 1846 398 1931 hpooryphis
428 1849 509 1930 (nam
540 1845 576 1910 de
600 1845 647 1909 hir
669 1850 788 1910 tautum
818 1865 901 1908 nuno
925 1846 1053 1930 agimus)
1080 1845 1168 1910 Sucro
1191 1846 1225 1909 in
1250 1845 1335 1909 Codice

213 1961 314 2026 looum
337 1962 461 2025 omnino
484 1961 696 2026 vindicandum
727 1983 788 2024 esse
818 1966 871 2024 aut
893 1961 1090 2037 reddendum,
1124 1961 1187 2024 olii
1219 1961 1335 2025 studiose

214 2078 412 2151 affirmarunt,
437 2075 498 2138 olii
519 2097 580 2138 non
604 2076 705 2139 minus
728 2076 834 2139 acriter
857 2077 1018 2160 negarunt.
1067 2077 1178 2138 Eorum
1194 2075 1228 2138 in
1250 2079 1336 2159 patro·

214 2191 262 2253 nis
293 2189 434 2253 oensendi
468 2195 540 2253 suut
574 2190 742 2254 Stierius
773 2188 841 2276 (1),
872 2188 1251 2275 itengstenbergius
1281 2191 1335 2274 (1),

216 2304 403 2370 Bleehius
427 2307 486 2388 (3),
519 2303 729 2368 thmerus
757 2306 815 2389 (1),
847 2302 1127 2368 Rudelbaohius
1151 2304 1214 2388 (5).
1273 2304 1339 2378 Quos

218 2424 329 2499 tamem
355 2420 472 2483 diversit
496 2418 655 2482 admodum
678 2419 794 2482 ratione
824 2439 956 2482 ouussam
986 2423 1120 2501 agentes,
1151 2418 1256 2481 eodem
1283 2415 1339 2480 loco

218 2533 326 2599 habere
349 2535 489 2617 iniquum
511 2533 561 2596 sit.
611 2533 684 2596 Alii
705 2533 798 2612 enim,
823 2532 854 2594 iu
886 2530 997 2614 quibus
1026 2531 1220 2595 Bleekius
1248 2537 1291 2595 est
1316 2535 1341 2594 et

217 2648 441 2729 Bdhmerus,
468 2669 484 2710 a
507 2646 709 2710 moderatione
732 2650 804 2710 sunt
826 2644 980 2710 laudandi.
1029 2647 1101 2710 Aria
1116 2647 1275 2710 acerrimos
1289 2666 1341 2708 sese

214 2864 362 2877 —u-—a—

253 3009 296 3071 (1)
315 3009 374 3058 Vid.
393 3006 471 3056 Rud.
491 3005 593 3064 Stier,
613 3005 649 3055 die
667 3005 833 3072 Apocryphon.
875 3005 1057 3070 Verttoidipuny
1070 3005 1135 3054 iiras
1149 3030 1179 3040 -
1195 3002 1345 3054 Ausohiussoa

219 3118 251 3151 un
268 3100 305 3150 dio
326 3100 410 3162 arreu-
429 3100 558 3150 Bruasuio.
580 3105 651 3150 1853.
667 3105 713 3149 118
727 3117 767 3164 pp.
795 3099 858 3164 Ejus
875 3100 1059 3149 vehementiam
1079 3099 1243 3162 reprehendit
1255 3095 1346 3145 Enal-

220 3196 306 3254 dius,
324 3195 433 3243 laudatio
451 3195 477 3242 iu
497 3192 597 3242 Annuit.
615 3193 649 3241 V.
671 3197 847 3249 lata-1853,
866 3209 892 3256 p.
909 3197 957 3241 306
976 3207 1031 3255 sqq.

256 3288 290 3348 (2)
312 3288 370 3336 viu.
388 3287 457 3336 iltius
475 3284 574 3348 Evoup.
593 3283 628 3333 K.
644 3283 678 3333 Z.
701 3289 774 3342 1853,
792 3282 837 3332 N0.
856 3290 888 3334 54
907 3299 961 3347 sqq.
996 3283 1048 3333 Ubi
1064 3284 1096 3331 de
1114 3282 1292 3332 recentissima
1308 3281 1348 3329 ha·

221 3398 277 3433 rum
295 3382 379 3431 litium
396 3379 503 3429 historia
520 3378 694 3427 memorabilia
711 3378 803 3427 traditu
820 3386 930 3426 exstant.

257 3474 294 3536 (3)
313 3472 374 3521 Vid.
393 3470 483 3519 Fred.
502 3469 616 3528 Bleek,
636 3466 758 3517 Attanae
779 3468 816 3517 ua.
835 3468 872 3518 die
889 3467 994 3532 Stailunq
1014 3468 1057 3518 der
1076 3467 1243 3535 Apokryphau
1261 3469 1301 3518 dos
1318 3465 1349 3516 A.

222 3565 254 3615 Τ.
272 3566 302 3615 im
320 3562 414 3614 Christi.
435 3561 541 3622 Kouon;
558 3563 583 3610 in
611 3559 677 3609 theol.
699 3559 768 3611 stud.
788 3578 813 3610 a.
838 3560 966 3619 Kria'kou,
989 3567 1062 3612 1853.
1081 3566 1112 3617 8,
1133 3577 1158 3626 p.
1178 3564 1229 3610 267
1248 3577 1302 3625 sqq.
1323 3585 1350 3595 -

223 3659 355 3709 Adversus
372 3671 431 3706 eum
448 3670 499 3704 uon
519 3655 610 3704 allatos
628 3667 682 3702 esse
700 3668 748 3702 uao
765 3654 881 3703 laudatos
898 3656 925 3703 iu
943 3651 975 3703 N.
991 3655 1022 3704 T.
1040 3655 1260 3719 Apooryphorum
1278 3657 1351 3711 locos,

223 3753 330 3816 probare
348 3758 457 3798 conatur
474 3747 502 3797 J.
520 3745 746 3810 itiggeubaoh,
764 3747 834 3796 Prot
853 3763 879 3811 p.
899 3760 923 3795 o.
942 3747 1109 3808 Basilednsis,
1128 3745 1243 3796 eidemin
1258 3746 1353 3812 Epion.

226 3848 300 3892 isse.
318 3848 343 3901 a,
362 3858 386 3905 p.
406 3845 455 3889 sss
473 3853 526 3902 sqq.

260 3934 297 3994 (4)
314 3933 349 3981 V.
366 3931 464 3982 With.
485 3931 638 3991 Bdhmor,
656 3932 682 3981 in
701 3931 854 3982 Litoruturbl.
873 3950 896 3980 z.
916 3933 952 3981 A.
971 3931 1006 3983 Κ.
1024 3931 1057 3982 Ζ.
1077 3937 1152 3991 1856,
1170 3932 1219 3981 Νο.
1239 3938 1278 3980 30.
1307 3929 1354 3991 Qui

224 4027 335 4075 breviter
369 4032 456 4072 eontra
480 4024 661 4080 Keerlium,
691 4023 766 4085 oujus
792 4037 852 4071 mox
886 4024 1032 4073 memorabo
1061 4023 1175 4084 libellos,
1204 4022 1354 4087 Apoorypho

226 4127 317 4169 tuetur.

261 4210 298 4271 (5)
317 4209 346 4258 Iu
373 4209 441 4258 editu
463 4224 479 4255 o
500 4224 525 4256 se
543 4215 567 4255 et
593 4203 753 4255 Guarikio
774 4207 877 4270 Epirum.
897 4206 1016 4256 Zoitsohr.
1030 4209 1057 4269 f.
1074 4206 1099 4256 d.
1116 4223 1166 4271 pes.
1186 4207 1259 4257 Lr'irh.
1279 4206 1353 4256 Theot.

226 4321 247 4352 o.
268 4302 373 4359 Kirclre,
391 4301 466 4351 XVI.
490 4306 561 4350 1855.
584 4307 613 4357 1,
632 4317 656 4363 p.
679 4304 731 4348 137.
771 4301 818 4350 Ubi
837 4303 909 4352 vuldo
933 4302 1067 4351 laudantur
1086 4310 1226 4352 memoratu
1245 4299 1353 4349 Stiorii

229 4404 254 4446 ot
273 4393 551 4458 Hougstenhergii
569 4394 784 4443 commentariola.
