2782 4958
620 343 787 388 caracara.
1224 323 1265 388 69

107 507 229 570 minus
264 506 419 572 commode
457 509 681 574 accurationem
713 509 820 574 Latine
855 510 956 575 dicere
994 511 1109 594 possis,
1146 510 1263 575 laudem

104 621 312 706 quaesivisse
335 621 498 686 retulisse
522 621 670 705 Meyeri
695 625 938 706 commentarios,
957 645 1047 710 supra
1066 625 1128 709 jam
1145 630 1177 690 et
1191 624 1264 690 alio·

106 758 194 801 rum
219 742 253 802 et
281 738 394 803 nostris
422 736 529 802 lectori
557 739 695 805 constitit
717 739 913 803 testimoniis.
962 738 1044 803 Olim
1071 740 1151 805 euim
1174 760 1265 824 quam

105 858 216 938 turpe
240 853 426 940 Dogmatieo
449 853 637 934 censebatur,
663 856 689 920 si
713 876 781 921 eum
806 855 986 939 increpares:
1014 853 1195 921 Haereticam
1217 853 1265 918 Tre

108 988 152 1033 es
173 967 358 1056 sseoloprrsr
383 973 502 1034 tantum
525 991 610 1034 nunc
630 969 788 1035 Sacrorum
810 967 998 1033 Litterarum
1013 966 1189 1053 explicatori
1212 967 1263 1032 de·

108 1079 248 1145 decoris
277 1080 424 1156 inuritur,
450 1081 476 1144 si
501 1081 697 1168 Empirieom
726 1104 795 1148 eum
823 1103 887 1147 esre
911 1083 1116 1168 interpretem
1139 1102 1259 1168 arguas.

106 1192 215 1274 Jam,
250 1197 287 1258 ut
308 1194 414 1259 eadem
437 1215 608 1261 maneamus
637 1197 670 1260 in
693 1197 931 1283 comparatione,
964 1199 1077 1284 optima
1108 1197 1183 1263 mihi
1214 1219 1263 1262 res
1320 1175 1324 1182 ¹

111 1309 310 1376 mmodoem
330 1309 463 1388 uidetur,
488 1309 650 1377 dummodo
673 1312 764 1378 nimis
787 1314 882 1378 effuso
905 1333 976 1399 prae
1000 1312 1101 1377 studio
1123 1333 1162 1377 ne
1184 1312 1262 1380 tee-

110 1426 246 1490 rodoan
275 1425 329 1489 fiat
357 1431 447 1509 atque
476 1425 508 1489 iu
539 1425 751 1492 dissentientes
781 1428 926 1495 malevola
955 1433 987 1493 at
1016 1427 1133 1494 acerba.
1193 1428 1262 1495 Nec

115 1540 222 1605 aliter
236 1541 434 1626 grammatici
456 1544 557 1605 statuo
580 1540 617 1604 da
639 1543 804 1630 ἀκριβείᾳ.
853 1541 955 1614 Quam
977 1541 1050 1608 leco
1073 1563 1208 1630 vagoque
1224 1542 1262 1607 de

115 1654 345 1740 interpretandi
366 1675 488 1740 genere,
514 1655 595 1740 quod
618 1655 743 1719 ineunte
766 1654 824 1720 hoo
846 1654 950 1721 seculo
979 1655 1142 1744 regnabat,
1165 1658 1261 1722 victo·

118 1771 200 1834 riam
223 1770 404 1855 reportasse,
430 1788 502 1854 ego,
534 1768 561 1831 si
583 1769 652 1854 quis
674 1769 770 1846 alius,
803 1772 937 1856 impense
958 1770 1069 1838 laetor.
1112 1771 1175 1838 aad
1198 1793 1260 1859 quo

120 1885 223 1969 magis
246 1883 311 1968 ejus
332 1882 415 1948 laudi
437 1884 522 1947 faveo
545 1887 635 1968 alque
657 1883 784 1967 honori,
816 1908 853 1951 eo
884 1887 981 1973 magis
1011 1887 1098 1952 doleo
1128 1888 1173 1952 sio
1195 1908 1259 1952 eam

125 1998 255 2064 subinde
276 2019 331 2062 suo
354 1997 439 2063 abuti
461 1998 632 2083 triumpho,
665 2004 701 2065 ut
721 2002 795 2065 citio
823 2002 897 2065 dum
919 2003 1012 2080 oitot,
1044 2003 1079 2066 in
1102 2001 1261 2066 contrario

126 2123 217 2192 ruat,
251 2134 287 2178 ac
319 2113 419 2176 minus
440 2111 627 2190 liberaliter,
658 2134 749 2198 quam
778 2135 833 2179 sua
865 2115 1022 2200 quisquam
1057 2113 1138 2178 diota
1164 2113 1261 2200 expli·

124 2227 186 2291 cari
205 2225 292 2302 uelit,
316 2227 475 2292 Sacrorum
498 2227 684 2292 Litterarum
700 2229 917 2314 interpretetur
939 2228 1115 2294 orationem.
1162 2226 1258 2300 Quasi

126 2340 161 2405 ad
187 2338 359 2406 Rhetorum
389 2341 491 2425 potius
520 2363 554 2406 ao
584 2327 823 2408 Dialectieorum
853 2345 987 2430 argutias
1017 2343 1165 2429 exigenda
1194 2343 1259 2437 siut

125 2454 220 2521 multa
242 2453 428 2542 populariter
450 2477 467 2520 a
489 2456 522 2520 S.
544 2457 579 2522 S.
607 2457 706 2538 dicta,
740 2479 829 2542 qaam
860 2479 897 2522 ex
927 2458 1006 2522 ritae
1030 2457 1200 2523 communis
1221 2457 1258 2522 li·

122 2569 240 2638 bertate
268 2570 428 2656 minusque
458 2571 571 2636 severis
594 2569 715 2657 legibus
746 2572 890 2637 adstricto
918 2571 1061 2656 loquendi
1092 2591 1150 2637 usu
1172 2591 1255 2658 repa-

122 2685 213 2750 tenda
235 2689 326 2769 atque
349 2685 539 2770 exponenda.
585 2684 657 2768 Sed,
682 2707 750 2772 aga,
775 2684 920 2770 exemplis
949 2685 1105 2751 nonnullis
1136 2685 1252 2762 allatis,

123 2801 213 2865 modo
235 2799 361 2865 humaui
384 2799 458 2884 quid
482 2798 540 2864 hoc
563 2801 594 2864 in
618 2820 729 2885 genere
752 2820 871 2884 passam
892 2821 958 2864 esse
981 2800 1182 2882 Meyerum
1203 2799 1254 2865 de·

122 2919 336 2992 monstremus,
361 2912 452 2981 modo
473 2912 623 2998 praeclare
647 2934 710 2978 rem
733 2934 818 2978 suam
842 2913 952 3000 egisse.

169 3026 243 3095 eat.
264 3029 292 3092 Ι.
317 3032 370 3094 10.
393 3026 468 3093 Post
490 3026 548 3091 alia
570 3027 614 3091 ita
636 3026 778 3093 Paullus:
805 3032 849 3095 Ei
873 3030 922 3095 ἔτι
946 3029 1136 3116 ἀνθρώποις
1167 3037 1255 3115 ἤρεσ-

120 3169 192 3220 κον,
223 3148 350 3229 Χριστῦ
377 3142 491 3220 δοῦλος
521 3142 581 3208 οὐκ
606 3146 651 3210 be
675 3150 759 3228 ἤμην
787 3141 847 3226 (l)
896 3140 983 3213 Quae
1013 3141 1058 3206 sio
1079 3141 1140 3206 lere
1163 3141 1255 3227 expli·

119 3262 236 3335 cantem
260 3256 400 3321 audimus
419 3255 639 3340 Interpretem:
666 3256 719 3320 »si
743 3253 916 3320 hominibus
938 3254 1036 3318 adhuc
1053 3254 1128 3319 mihi
1150 3255 1255 3319 faren-

121 3370 203 3435 tibus
238 3375 356 3451 uterer,
390 3390 553 3456 germanus
583 3391 644 3434 non
675 3391 770 3434 essem
802 3367 918 3433 Christi
949 3367 1131 3453 Apostolum
1165 3370 1253 3454 cujus

120 3486 263 3551 nimirum
286 3506 355 3552 cum
378 3484 480 3549 indole
502 3486 667 3550 consistere
689 3484 795 3570 nequit
810 3481 982 3548 mortalium
997 3482 1118 3547 favor.”
1147 3481 1252 3547 Enim·

121 3619 191 3665 aero
213 3621 270 3665 neo
291 3600 357 3664 sine
380 3599 557 3683 exceptione
589 3619 695 3664 uerum
718 3603 781 3676 est,
810 3596 890 3682 quod
914 3596 1043 3663 Auctori
1062 3595 1136 3660 haec
1155 3597 1251 3661 inter·

122 3714 247 3798 pretatio
269 3711 399 3795 tribuit,
423 3714 635 3792 enuntiatum,
660 3718 691 3777 et
713 3717 795 3777 certe
820 3732 889 3777 cum
912 3710 970 3799 loci
993 3714 1139 3775 contextu
1162 3714 1251 3795 alque

124 3829 380 3914 argumentatione
403 3849 464 3891 non
481 3829 633 3892 convenit.
670 3827 779 3911 Neque
795 3827 875 3890 enim
891 3826 949 3889 rite
972 3830 1105 3889 creatum
1125 3825 1250 3889 Domini

125 3943 291 4008 ministrum
312 3941 553 4028 Apostolumque
574 3943 718 4009 Paullum
731 3938 946 4026 agnoscebant,
964 3960 1040 4024 quos
1055 3938 1106 4004 hic
1126 3939 1251 4006 meliora

126 4055 225 4124 dooere
247 4061 387 4135 conatur,
413 4057 586 4122 adversarii.
636 4055 700 4128 Qui
723 4056 819 4141 igitur
842 4055 873 4119 id
897 4054 1011 4119 dicenti
1034 4057 1073 4130 ei,
1098 4055 1178 4140 quod
1206 4055 1250 4118 di·

125 4217 272 4236 *u*

154 4318 188 4384 (1)
206 4319 329 4374 codicum
351 4323 509 4383 anctoritate,
537 4321 676 4376 rectissime
697 4327 815 4377 monento
838 4320 985 4386 Meyero,
1010 4315 1131 4372 anteire
1157 4318 1250 4372 tollen·

127 4410 180 4466 dum
196 4415 260 4485 γάρ.
