2782 4958
131 326 174 384 54
609 344 767 386 ursuosuu

122 510 305 583 Boettctusi
326 509 422 595 palma
445 509 646 592 adjudicetur;
665 511 775 594 quippe
798 511 863 593 qni,
882 510 966 573 illius
984 510 1106 594 quidem
1123 510 1275 575 bonorum

132 646 255 690 consors
278 626 337 700 sit,
370 623 407 687 ab
431 625 564 707 ejusdem
588 628 688 688 autem
711 625 796 688 vitiis
826 626 990 689 immunem
1017 646 1050 687 se
1072 625 1273 708 praestiterit.

132 738 195 802 Ubi
219 743 251 801 et
277 737 334 801 alia
356 744 388 801 et
409 737 500 802 haec:
536 738 717 822 »Meyeri
749 739 894 803 severitas
925 731 1118 824 cuepetica,”
1150 740 1273 829 iuquit,

134 853 280 917 »subinde
300 853 335 916 iu
359 853 507 937 ejusmodi
527 854 659 937 riporum
678 853 752 928 abit,
772 855 827 938 qui
843 862 992 918 contortus
1006 856 1117 938 pariat
1137 875 1176 918 ec
1191 875 1278 940 par·

133 967 226 1029 »tium
249 966 349 1029 studio
370 963 523 1050 profectae
543 965 770 1048 euplicotiouea,
797 987 850 1031 uec
870 967 989 1051 intepro
1014 989 1051 1032 uc
1071 967 1169 1033 libero
1189 992 1277 1035 mau-

132 1085 192 1143 »u‘c
225 1082 336 1146 iutuitu
364 1091 458 1145 totum
491 1083 603 1165 scripti
625 1091 757 1146 tenorem
785 1094 813 1146 ct
834 1083 982 1146 ambitum
1008 1083 1166 1168 complecti
1189 1085 1276 1150 sinat

131 1196 322 1259 »Auctorem
372 1195 426 1260 Ea
449 1197 511 1281 quei
532 1195 627 1279 ipitcu
650 1198 859 1260 enarrationis
878 1197 1038 1260 severitate
1061 1199 1187 1262 taudem
1207 1199 1275 1263 uti·

72 1372 80 1386 ι
130 1311 275 1392 »quaudo
299 1309 366 1371 duic
386 1311 540 1373 contraria
564 1310 679 1372 exsistit
702 1309 877 1394 explicandi
900 1308 1099 1375 capitose*

174 1534 233 1600 Sed
257 1536 348 1614 haec,
374 1557 434 1619 quo
457 1537 646 1618 postmodum
676 1538 820 1603 redeundi
845 1534 933 1603 nobis
955 1540 1165 1623 opportunitas
1188 1543 1266 1612 erit.

129 1670 210 1714 nunc
233 1649 354 1733 quidem
377 1651 467 1713 missa
490 1650 647 1721 faciamus:
680 1673 716 1716 ac
738 1651 856 1717 duobus
878 1652 1005 1736 adjectis
1027 1655 1153 1718 monitis
1176 1676 1265 1740 gene·

130 1765 231 1828 raliori
255 1765 327 1829 huic
350 1785 543 1829 censurarum
567 1768 741 1850 conspectui
765 1767 854 1831 finem
878 1769 1079 1851 imponamus.
1128 1768 1265 1834 Primum

128 1879 225 1962 igitur
248 1879 347 1962 operis
365 1878 553 1952 laudatorum
569 1881 766 1946 multitudine
781 1888 872 1965 atque
888 1882 1068 1946 auctoritate
1090 1884 1188 1968 magia
1206 1905 1266 1947 ma·

127 1993 235 2076 gisque
258 1992 381 2056 obrutos
405 2015 468 2055 esse
493 1996 710 2078 vituperatores
733 1996 887 2071 videmus,
918 1994 1086 2078 horumque
1109 1996 1267 2081 plerosque

128 2128 188 2170 non
213 2109 277 2170 sine
301 2108 398 2192 amplis
422 2107 522 2192 aliqud
544 2108 668 2172 honoris
691 2110 874 2192 praefatione
890 2109 955 2190 ejus
978 2109 1052 2172 vitia
1076 2111 1267 2175 memoranda

128 2222 263 2285 duxisse.
312 2223 420 2304 Neque
444 2223 541 2306 igitur
564 2223 713 2306 estquod
737 2245 826 2307 supra
849 2224 1000 2287 dictorum
1021 2224 1058 2286 de
1087 2227 1155 2289 cart
1178 2232 1267 2310 atque

129 2337 286 2410 inusitata,
313 2356 389 2419 quae
413 2339 540 2401 Auctori
565 2340 741 2422 contigerit,
763 2338 908 2402 felicitate
926 2360 981 2401 nos
998 2341 1162 2423 poeniteat.

173 2452 304 2515 Gravius
327 2450 453 2513 alterum
478 2457 524 2513 est
546 2453 694 2516 monitum
726 2473 781 2516 nec
803 2452 926 2515 omnino
949 2451 998 2514 hic
1027 2456 1266 2536 praetermitten-

128 2564 210 2627 dum.
256 2562 439 2648 Euuupetiia
464 2564 585 2648 quidem
612 2565 712 2648 priore
745 2566 809 2628 vice
842 2565 1000 2650 explicatis
1022 2568 1064 2630 ite
1094 2567 1265 2652 Scepticum

128 2682 242 2761 egerat,
269 2678 310 2739 ita
334 2676 427 2740 multa
451 2677 486 2740 de
503 2698 605 2741 eorum
622 2678 681 2741 fide
704 2678 860 2742 detrahere
876 2680 1045 2752 studuerat,
1071 2680 1266 2747 itauniverse

20 2853 25 2868 x
128 2795 159 2856 in
184 2792 451 2857 Rationalistarum
475 2798 573 2876 partes
597 2794 736 2857 secedere
759 2795 842 2858 visus
857 2800 933 2872 erat,
951 2800 985 2859 ut
1008 2816 1068 2858 nou
1089 2801 1190 2878 posset
1205 2819 1266 2861 non

126 2907 355 2992 prudentiorum
378 2906 600 2992 {theologorum
624 2909 656 2971 in
677 2909 790 2991 justam
808 2908 964 2972 incurrere
988 2909 1263 2992 reprehensionem.

128 3023 219 3095 Quod
242 3044 279 3086 ex
302 3023 358 3100 iis,
392 3044 468 3106 quae
490 3023 610 3107 prodita
633 3023 821 3100 audivimus,
855 3022 966 3106 quibus
989 3023 1122 3106 ejusdem
1145 3026 1267 3109 generis

127 3137 185 3200 alia
207 3133 294 3200 facile
315 3136 405 3219 adjici
428 3143 561 3222 possent,
583 3136 709 3221 judiciis
725 3138 799 3200 satis
817 3137 880 3220 jam
902 3138 1051 3220 apparuit.
1078 3138 1159 3202 Ecce
1176 3141 1262 3205 vcro!

126 3252 248 3337 prodiit,
260 3251 375 3335 aliquot
397 3258 466 3316 ante
489 3272 593 3331 aiinos,
621 3251 708 3315 novis
725 3251 869 3315 Auctoris
885 3251 968 3313 curis
990 3250 1142 3335 expolitus
1165 3252 1217 3318 hic
1233 3256 1264 3319 in

126 3365 314 3451 Iduoupetia⁹
337 3367 493 3450 synoptico
515 3365 650 3448 quidem,
671 3365 920 3436 commentarium
940 3364 1027 3447 cujus
1046 3365 1107 3447 jam
1125 3366 1265 3450 plurimis

126 3482 212 3562 locis,
237 3481 347 3565 quibus
371 3503 424 3560 ea,
449 3502 525 3566 quae
547 3480 625 3556 dixi,
651 3480 750 3544 studia
773 3480 955 3555 offecerant,
980 3480 1109 3543 multum
1133 3482 1265 3546 medelae

127 3594 269 3660 afferebat
285 3596 378 3660 altera
401 3595 507 3659 editio.
557 3593 648 3664 Quod
672 3594 820 3678 ejusmodi
843 3599 919 3674 erat,
944 3600 981 3657 ut
1003 3615 1085 3658 nuuc
1106 3617 1262 3676 censuum,

130 3707 300 3773 Christiano
322 3709 443 3773 homine
474 3708 657 3794 dignorum,
689 3708 800 3792 quibus
830 3714 1004 3773 cerneretur
1033 3709 1262 3793 interpretatio,

127 3822 268 3906 pietatem
301 3843 335 3884 ac
357 3822 593 3906 profunditatem
624 3821 744 3886 laudare
775 3843 836 3885 non
860 3820 1013 3885 dubitaret
1043 3821 1262 3907 Klingius‚

126 3935 298 4019 Theologus
321 3936 518 4019 gravissimus
543 3935 603 4021 (1).
651 3934 754 4011 Quid,
790 3935 870 4020 quod
903 3935 1006 3998 eodem
1037 3936 1100 4000 tere
1128 3941 1265 4022 tempore

127 4080 268 4090 --—..--

160 4149 199 4212 (l)
219 4147 280 4198 Vid.
299 4149 330 4198 cl·
346 4150 456 4215 Kling‚
475 4152 502 4200 in
518 4149 616 4202 Studien
631 4167 654 4199 u.
671 4149 794 4213 Kretikos,
814 4137 886 4201 1848.
906 4157 930 4199 4.
948 4167 974 4216 p·
993 4155 1041 4201 992
1058 4165 1112 4215 sqq.
1130 4177 1162 4187 -
1183 4147 1260 4204 Com·

124 4242 242 4290 montorii
259 4240 403 4306 Meyeriani
421 4243 447 4292 iu
471 4241 588 4307 Eucupp.
611 4240 700 4291 Moud.
726 4240 815 4292 Mouci
834 4241 957 4306 Lucaeque
977 4245 1046 4307 prior
1069 4244 1146 4293 editio
1165 4247 1260 4309 prodiit

125 4332 293 4382 Goou.1832.
332 4334 416 4395 Quam
435 4337 532 4401 excepit
556 4334 648 4397 ulcera,
671 4334 794 4386 diotttaci
817 4338 918 4400 quidem
936 4354 959 4388 a.
983 4344 1061 4397 1844,
1090 4337 1177 4388 Murci
1200 4355 1260 4390 vcro

124 4425 247 4489 Lucaeque
264 4442 286 4476 a.
308 4433 379 4478 1846.
