2782 4958
217 335 281 398 tlt
663 351 703 393 nn
726 349 806 394 nano.
833 348 899 393 aar.

221 521 345 585 moriam
372 523 512 584 revocent
542 518 590 583 vel
616 519 756 584 instituta
778 517 825 582 vel
848 518 981 602 cogitate
1004 518 1185 584 enuntiandi
1213 522 1333 601 rationed

221 638 378 700 Sacrorum
412 635 608 711 Litterarum,
652 654 715 697 non
749 632 916 697 recentium
953 631 1109 716 proiecto,
1153 635 1256 700 studio
1288 637 1337 702 noli

220 770 362 835 quaerere
398 748 486 832 quale
518 749 613 814 latum
643 747 798 812 immineat
827 751 859 811 et
892 751 1004 830 quanta
1037 744 1147 811 clades.
1179 783 1223 797 -
1256 751 1339 834 Neque

219 884 292 929 vero
314 863 379 927 sine
402 864 511 949 magna
531 861 709 926 limitatione
732 881 787 924 nec
810 857 953 944 prudenti
972 859 1038 923 sine
1057 860 1200 926 cautione
1216 866 1260 927 est
1276 864 1341 928 anti·

221 985 311 1062 quara
333 977 467 1042 vocanda
489 975 610 1042 dicendi
633 976 745 1056 forma,
772 975 861 1060 cujus
883 996 943 1039 usu
965 973 1050 1040 nullt
1080 979 1155 1040 dnm
1178 977 1342 1042 Novatornm

218 1095 310 1178 operat
334 1113 390 1156 neo
412 1090 527 1157 artibus
548 1111 606 1156 nec
627 1091 765 1156 irrisione
788 1090 969 1155 nostratium
999 1094 1081 1156 carte
1104 1090 1275 1157 defrandari
1292 1113 1343 1159 osse

219 1228 319 1292 passae
341 1211 413 1271 suut
443 1206 631 1283 Academiae3
666 1241 709 1252 -
733 1226 820 1288 quam
845 1203 944 1269 adhuc
966 1202 1003 1268 ab
1035 1203 1160 1290 ephebis
1191 1212 1344 1292 perceptam

218 1325 325 1386 tenent
347 1327 436 1404 atque
457 1319 640 1386 intellectam
667 1324 817 1406 quotquot
839 1340 892 1404 per
914 1321 1083 1404 Europam,
1105 1323 1170 1405 qut
1193 1321 1342 1408 lampad

144 1479 147 1485 -
220 1441 252 1501 et
279 1458 332 1520 per
357 1435 499 1501 cultiores
529 1435 601 1501 alias
629 1441 725 1502 terrae
755 1440 874 1520 partes,
906 1434 1031 1519 dispersi
1065 1433 1207 1501 habitant
1240 1439 1345 1503 nomine

219 1548 305 1634 digni
328 1547 489 1634 Theologi3
512 1586 551 1597 -
581 1569 731 1634 quamque
760 1549 818 1615 boc
848 1551 936 1635 ipso,
961 1570 1022 1632 quo
1045 1549 1198 1629 vivimus,
1229 1557 1346 1638 tompore

220 1681 325 1724 eornm
344 1681 406 1723 non
428 1661 516 1746 pauci
538 1661 622 1744 iique
643 1661 810 1727 doctissimi
837 1661 873 1726 ad
895 1663 1134 1746 enusquisque,
1158 1664 1272 1748 quibus
1288 1687 1346 1730 nos·

222 1779 297 1840 tram
328 1779 436 1839 ornant
458 1773 667 1860 disciplinam,
695 1774 790 1840 libros
816 1796 851 1840 ac
883 1775 1102 1860 disputationes
1133 1777 1348 1846 conscribendas

220 1887 361 1954 adhibere
384 1894 527 1975 pergunt.

267 2006 375 2069 Verum
397 2004 441 2068 ita
460 2008 614 2068 mortuum
637 2025 699 2069 esse
720 2009 751 2068 et
773 2004 976 2086 antiquatum,
1001 2024 1091 2089 quem
1112 2003 1281 2090 loquimur,
1295 2027 1348 2072 scr·

224 2139 342 2182 monem
369 2117 455 2182 facile
486 2117 697 2195 concedimus,
722 2123 758 2182 ut
780 2116 895 2182 nullius
919 2116 1049 2203 amplias
1075 2118 1185 2204 populi
1208 2119 1348 2185 communi

223 2231 430 2315 frequentetur
464 2229 694 2298 consuetudine.
750 2231 809 2297 Sed
842 2232 1009 2317 perpendas
1040 2231 1130 2297 velim
1165 2254 1269 2298 nonne
1299 2231 1348 2297 no

222 2345 289 2430 ipsa
312 2345 351 2409 de
374 2347 478 2410 caussa
502 2346 536 2410 ad
560 2368 594 2411 ea
614 2345 759 2411 tradenda
777 2367 811 2410 ao
825 2346 937 2432 scripto
960 2346 1186 2432 consignanda,
1203 2367 1278 2431 quae
1295 2367 1348 2410 non

222 2456 260 2523 ab
288 2458 461 2542 aequalibus
489 2460 604 2540 solum,
632 2481 736 2525 verum
762 2483 778 2525 a
803 2461 929 2546 posteris
955 2459 1016 2546 legi
1049 2461 1176 2545 cupias,
1209 2460 1350 2526 hodiernis

220 2573 262 2636 sit
282 2571 396 2658 linguis
417 2575 515 2660 aptior
533 2580 622 2658 atque
637 2573 893 2640 accommodatior.
927 2576 986 2639 Hae
1001 2573 1123 2657 quidem
1145 2575 1235 2640 cioca
1252 2574 1349 2639 dicun·

220 2691 273 2752 tur
295 2707 330 2750 ac
352 2693 443 2766 sunt,
468 2709 525 2752 nec
548 2689 602 2752 diu
633 2693 732 2753 tamen
762 2688 850 2773 plane
872 2687 997 2753 eandem
1017 2709 1106 2774 agere
1128 2689 1225 2754 vitam
1253 2689 1350 2774 depre-

222 2799 410 2866 hendnntur.
458 2802 489 2865 ln
513 2801 660 2865 continuo
685 2800 788 2885 potius
818 2801 906 2865 fluxu
928 2804 1079 2883 versatae,
1104 2799 1264 2885 paullatim
1286 2799 1350 2866 alias

221 2934 258 2977 ex
280 2912 346 2977 aliis
369 2914 538 3000 suscipiunt
562 2915 753 2982 mutationes.
800 2915 894 2980 Modo
921 2915 1001 2978 enim
1032 2935 1140 2993 voces,
1166 2914 1348 2996 locutiones,

221 3027 387 3091 orationem
414 3030 608 3094 construendi
635 3032 744 3096 formas
774 3031 912 3114 antiquas
938 3030 1081 3114 rejiciunt
1107 3051 1142 3096 ac
1176 3031 1348 3117 repudiant;

220 3143 302 3206 modo
325 3164 435 3218 novas,
461 3144 624 3228 majoribus
649 3146 784 3230 ignotas,
817 3145 855 3209 iis
884 3142 1071 3210 substituunt
1098 3142 1220 3228 sibique
1247 3144 1351 3211 adscis-

220 3260 314 3331 cunt;
352 3257 434 3320 modo
469 3257 505 3320 ad
535 3257 698 3323 obsoletam
727 3279 811 3323 suam
841 3259 969 3323 redeunt
994 3259 1219 3324 instaurandam
1249 3280 1350 3324 vocum

220 3367 449 3452 dictionumque
464 3369 694 3455 supellectilem.
722 3373 813 3449 Quae,
828 3378 957 3437 exeunte
976 3372 1076 3437 seculo
1096 3374 1156 3438 XVI
1171 3372 1221 3439 vel
1231 3374 1350 3438 ineunte

219 3481 320 3545 seculo
349 3483 438 3559 Xllll,
474 3485 507 3547 in
541 3485 748 3572 Francogallid
782 3487 1037 3573 Montagnius
1074 3486 1148 3573 (l),
1189 3488 1271 3573 apud
1300 3509 1351 3552 nos

219 3598 256 3660 ll.
292 3600 326 3662 L.
361 3600 450 3683 Spie
457 3599 597 3684 gelius
631 3608 662 3666 et
693 3603 757 3686 ipse
791 3603 864 3667 adeo
894 3604 1089 3668 Litteraturae
1124 3602 1351 3668 Nedorlandioae

218 3711 318 3775 Stator
339 3710 391 3775 ille
413 3714 602 3780 Hooltius
622 3716 778 3781 scribenda
796 3720 942 3781 curdrunt
965 3723 1054 3800 atque
1079 3715 1215 3795 edenda,
1242 3715 1345 3793 abiis,

217 3825 272 3907 qui
298 3846 380 3888 nunc
412 3833 505 3909 sunt,
537 3833 590 3892 aut
621 3829 821 3915 Francogallis
851 3834 903 3894 aut
935 3829 1125 3895 Nederlandis
1156 3831 1202 3895 ita
1235 3830 1351 3895 demum

217 3943 353 4003 accurate
383 3961 416 4003 ac
437 3941 525 4026 plene
548 3944 771 4029 percipientur,
804 3945 830 4008 si
855 3944 938 4011 docti
962 3945 1000 4009 iis
1029 3943 1160 4009 adiuerit
1182 3945 1352 4030 interpretis

219 4073 307 4137 opera
329 4059 359 4119 et
382 4054 539 4121 auxilium.
587 4059 623 4122 Et
645 4057 694 4123 vel
716 4059 759 4122 sic
782 4064 884 4122 tamen
906 4059 939 4122 in
961 4058 1019 4137 iis,
1043 4059 1182 4142 quamvis
1204 4065 1350 4145 praestan·

226 4221 388 4232 .-...--..—.

251 4332 288 4392 (1)
308 4331 399 4383 Esscir
415 4332 444 4382 dc
461 4333 581 4384 Michol
599 4332 714 4400 Seipncnr
732 4334 759 4384 de
776 4335 972 4399 Montuigno.
1001 4333 1118 4387 Primum
1137 4335 1223 4388 editus
1241 4343 1280 4386 ost
1292 4335 1351 4385 liber

214 4441 235 4475 a.
258 4429 331 4475 1596.
