2782 4958
385 1271 1019 1442 nuntronruusj

224 1605 285 1661 Qur
310 1608 378 1654 vnn
402 1609 489 1656 onim
513 1608 582 1654 arar
605 1606 785 1667 ruunuur,
811 1607 881 1652 vna
905 1605 999 1654 nuuc
1023 1603 1127 1662 auur,

482 1723 643 1771 sanorum
668 1724 711 1771 ur
734 1721 877 1770 orarem

425 1941 697 2016 HERMANNUS
723 1939 908 2014 BOUMAN
919 1941 925 2011 l

595 2226 762 2247 *⁸⁸⁴0*-

160 2399 278 2514 Vobis
311 2439 514 2538 potissimum
546 2438 637 2539 quod
670 2437 917 2539 qualescunque
941 2437 1000 2511 has
1024 2435 1247 2511 inscribendas

114 2567 224 2662 putavi
248 2563 390 2638 Chartae
405 2563 588 2662 theotonicos
593 2592 605 2650 ‚·
623 2587 758 2636 caussae
774 2575 861 2636 etex
879 2587 953 2636 meo
969 2587 1047 2660 erga
1064 2588 1123 2635 ros
1138 2561 1247 2634 animo

112 2699 228 2786 sponte
253 2686 427 2775 exsistunt,
449 2699 482 2760 et
505 2710 581 2759 cum
602 2686 765 2784 praesenti
790 2685 853 2759 hoc
872 2684 1035 2771 scribendi
1057 2685 1247 2758 consilioue

111 2812 235 2883 ratione
258 2821 350 2883 arcte
372 2812 566 2907 conjunctae
590 2821 675 2882 sunt.
727 2808 778 2882 Ac
803 2811 871 2883 Vos
895 2808 1027 2909 quidem
1046 2834 1113 2909 quo
1137 2808 1248 2882 animo

112 2933 310 3031 complectar
331 2945 364 3007 et
388 2937 455 3032 qua
477 2932 598 3006 amoris
620 2932 824 3020 sinceritate,
850 2932 1066 3027 ambitiosius
1079 2930 1254 3006 declarare.

114 3055 192 3127 nihil
213 3056 337 3129 attinet.
365 3058 482 3156 Neque
502 3057 588 3129 enim
610 3070 720 3130 vestro
738 3055 770 3129 in
791 3082 928 3131 numero
943 3057 1039 3156 pauci
1056 3070 1151 3146 sunt,
1170 3055 1246 3156 qui-

111 3179 190 3269 bus,
209 3180 262 3254 vel
282 3205 303 3253 a
324 3179 437 3279 primis
458 3180 536 3271 iltis,
561 3181 613 3255 vel
634 3207 654 3255 a
674 3183 912 3256 recentioribus
932 3182 983 3256 his
1000 3182 1084 3280 gesti
1101 3182 1245 3254 muneris

108 3301 287 3377 academici
312 3302 533 3402 temporibus,
565 3305 712 3404 probatis
739 3304 788 3377 uti
812 3304 891 3376 mihi
915 3306 1088 3403 contigerit
1110 3304 1243 3376 Amicis.

110 3428 204 3511 Quos
226 3425 283 3499 ubi
307 3426 359 3501 vel
388 3426 572 3501 orationum
597 3452 765 3504 sacrarum
789 3426 976 3527 eloquentia
1004 3451 1044 3499 ac
1065 3426 1245 3524 gravitate,

109 3548 160 3624 -vel
172 3550 386 3649 pastoralium
405 3552 613 3627 consiliorum
631 3566 731 3653 atque
744 3552 1000 3627 admonitionum
1012 3548 1180 3649 sapientia,
1191 3548 1246 3622 vet

109 3671 307 3771 scriptorum
325 3674 474 3750 doctrine
486 3688 585 3776 atque
604 3677 765 3766 ubertate,
786 3703 848 3776 pro
864 3676 947 3749 virili
970 3687 1064 3774 parte
1083 3671 1245 3747 laboranti

110 3819 307 3872 succurrere
330 3798 425 3874 video
452 3800 574 3874 Christi
590 3801 754 3890 Societati,
775 3825 915 3900 eamque
934 3799 1036 3873 veluti
1057 3797 1245 3898 aedificare;

108 3919 209 3994 nolite
223 3946 383 4021 quaerere
397 3924 454 4024 qui
464 3949 517 3998 me
528 3924 702 4026 qualisque
717 3923 893 4024 perfundat
910 3949 948 3996 ac
966 3922 1168 4022 permulceat
1181 3923 1246 3996 lae·

108 4041 199 4117 titiae
223 4071 341 4120 sensus
362 4048 584 4122 suavissimus.
633 4048 722 4136 Quid
742 4047 833 4148 quod
861 4072 914 4120 me
942 4046 1013 4146 ipso
1043 4047 1147 4142 major
1170 4070 1244 4118 esso

109 4167 189 4240 mihi
201 4168 326 4260 videor,
350 4171 432 4246 tales
453 4175 520 4248 Vos
543 4185 671 4246 nostros
693 4172 769 4246 olim
790 4171 1017 4246 commilitones
1035 4169 1136 4244 fuisse
1157 4168 1245 4267 cogi·

109 4302 183 4364 tans
203 4317 244 4366 ac
263 4294 462 4371 recordatus.
501 4299 611 4372 Hocce
628 4297 713 4372 enim
731 4296 983 4385 commilitonum
1002 4319 1060 4369 eeu
1077 4292 1246 4368 sodalium

108 4414 201 4489 mihi.
214 4429 304 4493 certe
327 4420 521 4498 suavusimo
544 4421 675 4498 nomine
697 4421 833 4497 Amicos
856 4409 924 4496 Vos
948 4419 1073 4496 amicus
1091 4416 1244 4518 equidem

1090 4548 1108 4610 1
