2782 4958
128 355 193 416 128
520 373 560 416 or
583 372 682 415 norro
705 371 870 416 orroucrrs
980 386 983 392 ,

128 560 191 603 mus
213 558 345 622 quasque
368 542 399 601 et
422 537 604 601 certissimae
635 535 878 600 Christianorum
905 537 1058 602 doctrinae
1085 537 1148 619 hic,
1177 559 1264 622 quem

127 650 329 737 vituperabat,
347 651 513 717 Pietiamua
527 649 592 736 (1).
631 649 701 713 Hoc
724 652 804 714 enim
820 658 909 735 atque
931 653 1073 717 univerae
1096 653 1266 737 posteriore

125 767 204 831 ritae
220 771 355 851 tempore
369 765 659 840 Rationaliatornm,
676 767 849 850 inquorum
862 766 1050 852 principibus
1069 766 1266 845 censebatur,

125 882 236 967 placita
258 864 505 965 ore'aoriptisque
528 868 609 944 tueri
633 885 664 943 et
686 902 851 966 propagare
877 883 1053 948 conabatur.
1092 881 1266 967 derigitur

125 997 205 1080 quod
229 996 375 1060 laetemur
396 994 487 1080 longe
511 995 645 1059 melioria
666 995 765 1081 frugis
788 995 845 1062 alia
873 997 939 1080 ejus
957 1017 1047 1081 opera
1066 1001 1207 1072 exstare,
1231 995 1266 1060 ad

127 1111 272 1175 Auctoris
283 1110 456 1173 memoriam
473 1109 642 1194 posteritati
664 1105 928 1174 commendandam
947 1111 1071 1195 egregie
1083 1109 1267 1195 comparata.

127 1223 245 1296 Veluti,
273 1244 382 1307 magno
397 1222 499 1286 studio
516 1244 550 1286 ao
570 1224 741 1287 consumit
757 1222 793 1287 ab
809 1225 875 1308 ipso
898 1223 1027 1298 editum,
1056 1221 1181 1309 Corpus
1204 1225 1267 1289 Ro·

119 1334 342 1419 formatorum,
360 1334 440 1418 quod
459 1333 521 1398 XV
534 1334 751 1399 Voluminibur
775 1334 858 1400 Pan.
887 1336 1134 1400 Melanotttonia
1158 1359 1267 1422 opera,

128 1471 206 1534 qnae
243 1459 423 1534 supersunt,
450 1450 555 1514 omnia
594 1449 803 1535 complectitur
829 1450 899 1535 (2);
922 1487 984 1513 .-—
1028 1451 1102 1514 item
1130 1449 1269 1516 Lenicon

128 1561 271 1625 mannate
295 1561 576 1628 Gracco-Latinum
598 1565 633 1627 in
656 1564 749 1628 libror
773 1563 819 1628 N.
841 1553 874 1627 T.
897 1562 1268 1650 (citramontana

130 1674 284 1739 addendus
306 1676 360 1740 diu
378 1681 466 1739 autea
490 1674 606 1742 Graece
629 1678 729 1742 editus
751 1701 787 1743 oc
798 1680 949 1763 perpetuet
969 1680 1164 1744 annotatione
1183 1679 1269 1743 ilino·

129 1801 227 1854 trotna
246 1788 341 1855 Liber
368 1789 446 1854 Jeau
473 1789 636 1856 Sin-acidae
658 1790 725 1879 (4);
751 1798 781 1857 et
804 1793 928 1876 siquae
951 1790 1009 1855 alia
1031 1798 1103 1857 aunt
1125 1794 1159 1856 in
1184 1793 1268 1877 ejus·

129 1901 198 1965 dem
223 1900 321 1966 laudis
343 1903 517 1967 societatem
540 1904 734 1969 admittenda.

173 2016 236 2081 Hic
258 2018 355 2102 igitur
377 2020 479 2103 magui
495 2018 627 2083 nominis
649 2018 719 2098 Vir,
746 2019 778 2082 d.
798 2024 841 2083 88
865 2019 1186 2101 m.Januarii1848,
1212 2019 1266 2084 ubi

130 2132 162 2195 iu
185 2153 221 2194 eo
244 2137 308 2196 erat
329 2138 366 2196 ut
393 2135 500 2196 aetatis
530 2155 642 2198 annum
670 2135 834 2198 aacnndnm
857 2145 885 2199 ot
906 2136 1160 2220 oeptnapcn'mnm
1184 2155 1267 2198 com·

129 2244 243 2330 pleret,
275 2244 377 2310 subito
398 2251 498 2311 tactus
520 2245 672 2332 apoplexi,
701 2246 791 2311 rebus
814 2247 953 2312 humanis
975 2251 1096 2333 ereptus
1119 2251 1179 2312 est.
1227 2246 1265 2311 Ei

128 2359 414 2425 Neudeckerua
449 2359 582 2427 breviter
615 2363 785 2446 peroptavit
820 2365 868 2439 et,
906 2361 980 2424 elios
1010 2382 1048 2425 ne
1078 2382 1262 2441 memorem,

129 2473 461 2541 Wuestemauuua
478 2474 537 2562 (5).
585 2476 665 2540 Nam
690 2474 727 2538 de
752 2475 820 2539 Vno
841 2452 909 2555 and,
936 2474 972 2539 ab
998 2477 1060 2560 ipso
1080 2477 1262 2560 conscripta,

128 2609 145 2652 a
176 2587 256 2654 Filio
284 2590 446 2674 insigniter
473 2591 582 2666 aucto,
608 2610 697 2673 supra
716 2589 778 2673 jam
803 2589 989 2653 monuimus.
1037 2588 1108 2660 Quo
1131 2611 1204 2654 vero
1228 2589 1264 2652 de

126 2701 205 2766 libro
228 2705 273 2766 sic
295 2726 312 2766 a
336 2703 469 2767 (tonsore
491 2703 620 2787 quodam
644 2703 771 2767 relatum
797 2725 880 2778 esse,
909 2708 945 2767 ut
972 2704 1004 2766 iu
1032 2703 1130 2787 iprum
1150 2704 1265 2768 Aucto

126 2836 189 2880 rem
210 2837 338 2902 eumque
365 2817 428 2901 jam
454 2816 630 2882 defunctum
661 2819 760 2882 acrius
789 2817 995 2894 inveheretur,
1029 2838 1084 2880 nos
1118 2817 1262 2900 quidem,

128 2930 266 3014 quamvis
288 2952 305 2994 a
328 2931 433 2997 multis
456 2931 797 2996 Bretachueideri
820 2931 939 3017 placitis
962 2931 1070 3009 aversi,
1098 2930 1183 2994 valde
1210 2931 1264 2995 do-

126 3042 234 3108 lemus.
268 3045 336 3109 Nec
357 3047 438 3109 onim
459 3045 628 3111 orthodoxae
654 3050 743 3130 atque
762 3069 779 3108 a
803 3046 925 3110 Christo
941 3046 1073 3110 Domino
1093 3044 1265 3110 illuminata

127 3156 293 3244 Theologia
316 3165 435 3224 mortuo
463 3159 550 3224 docet
571 3159 716 3225 insultare
740 3159 834 3224 Leoni
858 3159 920 3243 (8).

135 3366 275 3377 Ἥ

160 3495 196 3558 (1)
216 3495 292 3547 Vid.=
310 3495 360 3548 Die
378 3495 518 3565 Grundtzpe
535 3499 576 3549 dar
599 3515 681 3565 ooonp.
702 3499 847 3559 Prodamus,
869 3497 926 3548 oder
943 3497 981 3548 dic
998 3497 1089 3548 Letron
1108 3512 1150 3546 von
1168 3485 1266 3548 Adanu

126 3586 201 3647 Foll,
222 3587 266 3638 der
283 3587 416 3640 Ertor'r'nde
433 3607 458 3641 n.
477 3590 528 3640 dem
545 3590 622 3656 Opfer
639 3590 730 3642 onaan
744 3608 769 3641 n.
786 3608 808 3640 c.
828 3606 875 3647 w.‚·
893 3590 966 3654 Lipa.
989 3596 1061 3642 1838.

162 3682 197 3742 (2)
217 3679 294 3730 Halia
311 3679 375 3733 Soc.
395 3687 493 3732 1834-
514 3688 594 3742 1848,
613 3684 632 3734 f.
652 3680 688 3732 4⁸
702 3683 763 3747 maj.

162 3773 198 3833 (3)
218 3773 290 3838 Lipc.
311 3779 393 3837 1824,
410 3777 504 3826 iterum
524 3781 604 3837 1829,
622 3777 650 3826 11
668 3776 740 3827 Voll.
758 3782 783 3828 8.
795 3802 828 3814 —
846 3775 902 3839 Ego
919 3791 990 3837 vere,
1008 3775 1189 3827 commodioris
1201 3777 1267 3825 uella

125 3867 233 3920 causat,
261 3863 483 3917 Commilitonibua
507 3868 599 3926 tertione
624 3869 702 3934 huJus
718 3869 809 3919 Lexioi
826 3871 962 3920 editionem
984 3869 1161 3918 commendare
1180 3868 1262 3927 soleo,

126 3971 208 4019 quae,
227 3959 319 4022 partim
336 3965 425 4020 aucta,
446 3961 537 4024 partim
555 3968 701 4022 contracta,
728 3964 819 4025 quarte
835 3962 916 4012 formo
934 3962 1024 4012 ibidem
1043 3960 1123 4019 exiit,
1142 3975 1166 4008 a.
1187 3965 1263 4010 1840.

161 4049 201 4111 (4)
217 4047 373 4112 moroan,
395 4057 476 4112 reoc,
495 4053 514 4104 f.
535 4051 581 4104 ga,

158 4141 195 4208 (5)
214 4141 537 4197 VidNeudeckerus:
565 4145 634 4213 Any.
654 4146 785 4210 (Damnst)
803 4147 839 4197 Κ.
858 4146 893 4198 Ζ.
916 4152 996 4206 1848,
1015 4147 1062 4197 110.
1083 4152 1125 4207 88,
1144 4153 1169 4196 et
1186 4146 1264 4197 libel-

126 4239 183 4302 lus,
208 4241 253 4305 qui
278 4241 438 4292 inscribitur=
466 4242 537 4294 Car.
559 4242 702 4308 Theoph.
726 4241 895 4292 Bretschn.
912 4238 1031 4289 momoria.
1056 4237 1161 4302 Scripsit
1177 4238 1208 4287 E.
1226 4237 1261 4287 Ε.

125 4328 372 4391 Wueatemonnr
392 4329 463 4386 Gna
485 4340 559 4387 1848.
573 4340 598 4384 4.
615 4335 678 4386 Alia
691 4334 815 4398 quaedem
826 4332 918 4382 cFilio
927 4333 1073 4400 laudantur,
1089 4331 1107 4382 1.
1117 4330 1137 4380 l.
1149 4331 1184 4380 11.
1198 4336 1260 4383 212.

160 4424 197 4487 (6)
226 4424 366 4477 (teneuram
392 4428 520 4492 significo,
549 4430 683 4480 admodum
712 4427 863 4477 malevolum
890 4433 965 4489 atquo
992 4409 1125 4484 morbum,
1153 4431 1259 4474 auctore
