2782 4958
223 330 285 393 tlt
711 345 866 389 amaoanu

220 514 387 600 elegantia,
419 513 445 575 si
475 509 664 574 Knobelii
695 515 847 574 teneamus
870 509 1175 587 animadversionem,
1208 511 1337 577 verissime

221 627 373 692 monentis
404 625 440 689 ad
472 647 575 688 manna
605 622 656 688 hic
678 625 784 708 respici
807 624 952 708 aanpaa'ne
968 626 1135 712 foedatae,
1172 646 1247 709 quae
1269 626 1337 691 modo
1376 670 1379 675 ,

220 747 323 819 antean
358 747 429 804 sect.
458 740 512 813 15,
542 739 625 822 juatd
647 760 716 803 cum
739 738 948 824 indignatione
971 745 1055 803 erant
1078 745 1268 805 memoratae.
1306 742 1338 803 tn
1373 812 1376 817 ,

221 853 348 918 alterum
372 853 483 938 igitar,
516 852 597 936 quod
620 853 652 914 in
676 874 731 935 eo,
758 852 839 917 hunc
861 854 959 938 ipsum
982 854 1201 940 interpretante
1224 873 1337 930 venun,

221 967 403 1039 laudandum
427 989 488 1030 esse
511 965 691 1030 dicebamus.

266 1199 398 1274 Ibidem,
424 1206 493 1263 sect.
519 1198 572 1262 23.
620 1196 748 1262 Pulchre
778 1200 943 1264 miserrima
974 1199 1023 1264 hic
1053 1201 1194 1287 pingitur
1223 1204 1339 1269 conditio

220 1313 352 1399 regionis
384 1311 561 1391 Orientalis,
592 1333 680 1395 quam
713 1315 796 1396 parvi
829 1314 976 1399 diripiunt
1003 1321 1176 1400 vexantque
1202 1319 1338 1404 Tyranni,

219 1427 322 1510 quales
338 1427 427 1491 hodie
441 1428 532 1491 etiam
549 1427 659 1510 passim
675 1427 793 1490 Turcici
813 1432 885 1492 sunt
899 1429 1019 1513 imperii
1034 1431 1197 1515 Magnetes.
1225 1433 1340 1497 Primum

219 1543 365 1607 dicantur
386 1560 535 1619 tarano,
559 1544 693 1620 rebelles,
721 1544 809 1628 Regis
829 1543 911 1627 juaaa
942 1566 1003 1608 non
1037 1545 1171 1611 multum
1205 1553 1338 1611 curantes.

219 1657 345 1732 Deinde,
369 1656 472 1721 eodem
496 1656 552 1720 hoc
574 1678 674 1728 versu,
699 1680 882 1734 annonam,
907 1658 959 1722 aed
982 1659 1043 1723 duo
1066 1660 1197 1734 diversa,
1225 1661 1341 1744 quamvis

221 1770 339 1846 affinia,
364 1771 402 1833 iis
425 1769 611 1854 objiciuntar
634 1771 772 1835 crimina.
821 1771 907 1846 Quod
930 1769 1037 1836 dubito
1063 1794 1102 1838 an
1124 1774 1199 1838 satis
1222 1779 1339 1839 accurate

220 1889 321 1948 noster
343 1885 503 1949 attenderit
525 1886 679 1969 Interprea.
716 1884 863 1950 Dicuntur
885 1903 998 1954 aaran
1021 1905 1117 1961 rann,
1134 1893 1249 1976 flamna
1269 1889 1337 1954 accit

223 1999 321 2075 Quod,
331 1998 498 2082 utrtquein
507 1998 651 2078 editione,
661 1999 705 2062 sic
720 1997 863 2083 explicat,
874 2002 1040 2088 utfnaibna
1050 2001 1112 2066 sint
1127 2003 1337 2084 annumerandi,

221 2115 263 2179 a'a'a
280 2114 394 2178 aimilea
417 2113 565 2194 labandi,
596 2111 672 2175 male
694 2118 792 2196 partas
812 2112 870 2177 sibi
894 2135 965 2198 opes
988 2115 1178 2198 acquirentes
1205 2122 1338 2200 corrupto·

221 2248 349 2311 rumque
378 2225 545 2290 mercedem
575 2225 748 2290 anhelantes
776 2227 973 2310 judiciorum.
1020 2229 1115 2292 Nimis
1144 2231 1292 2305 tenuiter,
1316 2227 1337 2291 si

223 2341 297 2425 quid
320 2341 419 2423 video,
438 2363 506 2422 nee,
523 2362 599 2424 quae
622 2341 737 2405 diversa
760 2347 857 2419 erant,
875 2348 1011 2407 accurate
1035 2343 1198 2409 distinctis,
1246 2346 1337 2409 Faran

223 2455 432 2540 latronumque
455 2456 528 2520 aonii
551 2454 750 2540 appellantur,
775 2458 857 2540 quod
881 2478 950 2522 cum
968 2459 1022 2534 iis,
1043 2457 1156 2542 quibus
1170 2459 1271 2547 palam
1285 2479 1338 2544 gra·

222 2571 356 2634 vissinms
378 2591 514 2653 quasque
537 2591 648 2654 poenas
673 2569 882 2648 intentabant,
911 2574 947 2634 ed
969 2569 1035 2656 lege
1058 2571 1278 2638 clandestinum
1296 2569 1338 2635 ali·

223 2685 303 2768 quod
335 2690 454 2769 pactum
487 2685 637 2760 inierant,
669 2689 705 2748 ut
739 2685 855 2751 furibus
886 2685 1057 2769 impunitis»,
1088 2672 1274 2772 Magnetibus
1298 2703 1340 2747 aaa

221 2800 342 2882 rapinae
364 2818 431 2882 pars
453 2798 678 2882 promitteretur
700 2818 733 2861 ac
751 2803 909 2862 constaret.
941 2800 1037 2863 llinus
1056 2800 1179 2885 quidem
1197 2799 1341 2886 eleganter,

222 2912 274 2977 aed
311 2912 463 2975 verissimo
497 2913 528 2975 in
563 2912 691 2978 aenaria
726 2935 787 2977 rem
822 2915 962 2978 enuntiat
999 2914 1339 2979 Rosenmulleraa:

223 3026 449 3114 »Sociifnann
464 3029 506 3090 ad
524 3050 570 3093 eoa
588 3029 795 3110 connivebam,
809 3030 905 3115 siarta
925 3032 1127 3109 approbabant
1145 3037 1176 3094 et
1188 3029 1342 3110 participa·

223 3140 350 3206 abant.’'
376 3175 418 3189 —·
441 3142 540 3223 Tum,
565 3140 681 3225 reliqud
706 3164 751 3206 va.
778 3151 879 3227 parte,
905 3142 941 3208 ab
964 3144 1002 3206 iis
1024 3142 1117 3208 altero
1148 3145 1274 3208 crimine
1295 3165 1344 3208 aar·

225 3263 313 3336 rapta
335 3261 504 3341 arguuntur
516 3255 651 3339 jndicio.
692 3257 788 3321 ninus
807 3257 947 3322 distincte
970 3257 1060 3322 etiam
1083 3258 1184 3322 llita.
1212 3258 1328 3344 aliique.

267 3486 308 3547 De
337 3485 498 3561 orationis,
530 3506 608 3569 quae
639 3486 712 3566 Cap.
738 3488 841 3551 11-1v
864 3489 1037 3574 consignata
1066 3493 1182 3566 exstat,
1216 3491 1348 3555 universo

221 3606 398 3686 argumento
421 3623 454 3665 ac
475 3607 609 3687 tempore
632 3602 727 3667 multa
749 3603 822 3667 acite
845 3609 948 3669 monet
969 3610 1000 3670 et
1017 3609 1163 3670 accurate.
1193 3606 1230 3670 ln
1250 3602 1351 3690 quibua

221 3714 384 3799 praeclaras
415 3737 476 3780 esse
508 3717 620 3780 affirmo
651 3718 939 3801 animadversiones,
972 3719 1083 3802 quibus
1106 3722 1150 3803 (p.
1180 3720 1237 3798 tl)
1270 3740 1351 3783 man

221 3850 345 3912 eamque
368 3830 571 3894 continentem
595 3829 671 3893 hanc
694 3852 755 3895 assa
777 3831 960 3895 demonstrat
979 3833 1156 3908 orationem3
1179 3832 1270 3917 cujus
1288 3854 1350 3897 eum

223 3941 374 4024 clausum,
402 3944 473 4023 Cap.
500 3945 543 4021 lv,
576 3946 723 4009 concinne
746 3945 905 4011 admodum
936 3947 1094 4011 conveniat
1115 3948 1262 4025 initium,
1286 3947 1350 4025 Gap.

224 4058 258 4122 ll.
286 4059 384 4122 a-a.
399 4093 440 4103 —
459 4060 554 4141 Atque
576 4058 634 4122 hoc
655 4060 720 4144 ipso
744 4060 780 4124 dc
803 4059 935 4136 oraculo,
960 4082 1053 4144 quum
1077 4058 1134 4124 alia
1156 4060 1350 4137 laudabiliter,

221 4179 288 4237 tum
310 4172 367 4236 hoc
389 4179 475 4237 acute
498 4173 596 4249 docet,
619 4195 673 4238 nec
697 4174 833 4238 Jeaat‘am
854 4173 986 4259 primum
1009 4174 1074 4258 ejus
1098 4175 1260 4239 ductorem
1282 4194 1351 4239 esse,

222 4308 278 4349 nee
301 4308 371 4350 vero
393 4285 538 4351 Micban.
586 4289 770 4371 Quamquam
792 4288 911 4352 mallem
933 4289 970 4353 de
992 4289 1089 4354 minan
1115 4290 1253 4366 liberali,
1281 4309 1349 4374 qaae

224 4401 412 4480 indoluerit,
430 4401 577 4466 sentiendi
593 4402 706 4467 ratione
722 4402 800 4466 nihil
819 4403 995 4487 adjecisset,
1013 4425 1046 4467 ac
1060 4403 1163 4488 potius
1176 4404 1350 4492 singularem
