2782 4958
124 316 170 386 fd
615 341 767 384 naanarro

124 537 193 599 res,
223 510 267 583 ita
292 510 430 583 maxime
459 507 635 607 probantes
659 533 716 581 eos
742 507 866 580 habuit.
918 510 1029 596 Quum
1064 515 1230 610 praesertim
1284 512 1287 529 '

125 635 257 733 copiosa
276 637 342 732 jam
361 633 551 707 accessisset
574 632 750 720 annotatio,
771 656 857 731 quae
877 645 910 704 et
935 633 997 705 alia
1020 631 1160 709 habebat
1175 662 1233 734 cog·

125 760 195 831 nitu
220 758 333 857 digna,
354 770 539 843 eteorum,
560 756 616 854 qui
635 757 701 853 jam
723 754 868 827 defuncti
886 768 993 844 erant,
1009 756 1231 831 Moderatorun

125 884 304 955 Memoriae.
354 883 391 952 ln
416 880 538 979 quibus
565 879 662 952 etde
693 878 846 972 Oratoris
858 880 996 950 Parente
1019 879 1106 953 dicta
1125 881 1235 955 elucent

126 1021 159 1078 et
184 1004 225 1078 de
249 1003 401 1077 Thomd
430 1006 545 1102 Hoog
571 1015 604 1076 et
628 1001 670 1076 de
686 1004 846 1075 Ioanne
873 1028 948 1075 van
975 1005 1132 1076 Voorst
1156 1017 1187 1077 et
1203 1004 1235 1075 de

125 1128 298 1202 Ewaldo
324 1126 450 1225 Kist(
476 1128 499 1225 ).

174 1377 224 1449 Ac
242 1388 407 1474 postrema
423 1372 505 1447 haec
523 1373 563 1447 ad
582 1373 704 1474 aliquid
722 1376 918 1450 monendum
932 1387 1050 1476 sponte
1066 1400 1119 1448 mc
1133 1375 1236 1462 ferunt,

126 1500 215 1600 quod
241 1499 401 1598 praesenti
425 1523 499 1571 cum
533 1525 568 1572 re
591 1500 801 1596 conjunctum
828 1524 900 1572 esse
929 1525 1005 1572 mox
1029 1498 1165 1572 videbis.
1209 1498 1237 1569 ln

127 1621 297 1722 permultis
315 1621 377 1693 illis
397 1646 435 1694 ac
457 1620 692 1712 diversissimis,
715 1648 798 1723 quas
815 1623 865 1695 vel
887 1621 1083 1723 inquirendo
1102 1619 1239 1721 persequi

127 1771 302 1846 possumus
318 1745 368 1818 vel
385 1744 568 1834 scribendo,
587 1745 651 1818 late
670 1747 809 1844 patentis
824 1747 984 1818 Historiae
1000 1745 1151 1845 partibus
1166 1743 1242 1818 nulla

127 1869 221 1943 facilc
243 1869 320 1941 mihi
343 1893 415 1942 esse
439 1867 569 1941 videtur
592 1882 625 1942 et
650 1868 691 1940 ad
716 1869 931 1968 cognitionem
955 1868 1134 1967 jucundior
1157 1880 1189 1940 ct
1208 1863 1242 1939 ad

127 1991 344 2066 narrationem
362 1991 494 2064 suavior
510 2005 544 2064 et
561 1991 602 2064 ad
622 1991 831 2064 imitationem
855 1991 1055 2065 fructuosior
1076 2004 1110 2064 et
1132 1990 1174 2064 ad
1187 2014 1245 2063 om·

127 2142 200 2190 nem
216 2117 301 2189 vitae
322 2141 417 2189 usum
441 2114 600 2204 uberior‚·
614 2139 712 2213 quam
735 2139 821 2214 quae
840 2128 989 2188 versatur
1010 2115 1042 2186 in
1059 2112 1246 2211 siaqulorum

128 2243 303 2329 lominum,
327 2239 388 2312 hac
410 2238 505 2311 illave
528 2238 649 2311 virtute
672 2237 917 2327 excellentium,
940 2237 1018 2332 satis
1043 2233 1245 2309 informandis

128 2379 161 2438 et
186 2364 286 2437 rebus
311 2362 409 2461 gestis
434 2375 467 2434 et
491 2387 569 2435 vero
594 2360 834 2433 characteribus.
872 2361 903 2431 A
928 2384 995 2458 quo
1020 2373 1110 2432 certe
1133 2356 1247 2456 judicio

128 2488 259 2560 minime
285 2486 463 2559 abhorrere
488 2484 651 2581 Collegam
675 2498 708 2557 et
733 2484 812 2557 alias
837 2483 917 2555 mihi
938 2486 1102 2582 apparuit,
1129 2495 1163 2555 et
1187 2479 1248 2569 obi,

128 2638 192 2684 non
211 2610 254 2682 ita
272 2610 329 2683 diu
347 2623 423 2682 ante
439 2609 526 2681 illius
543 2608 680 2693 obitum,
698 2608 729 2679 in
747 2630 819 2680 mco
835 2607 919 2680 forte
935 2604 1136 2678 familiariter
1155 2598 1265 2678 collo?

127 2733 312 2832 qucbamur
335 2732 462 2830 privato
488 2757 610 2805 museo.
661 2733 735 2819 Qua
762 2730 894 2829 quidem
919 2729 996 2802 mihi
1018 2728 1250 2826 jucundissima

127 2856 209 2928 hora
234 2854 455 2953 (nequeenim
475 2880 620 2954 unquam
639 2854 681 2927 de
701 2854 755 2926 illo
773 2855 844 2953 ipso
860 2854 938 2926 mihi
958 2852 1170 2925 scribendum
1188 2852 1250 2924 fore

128 2979 326 3077 augurabar)
358 2977 476 3050 multas
502 2979 653 3051 Virorum
687 2978 896 3066 laudationes,
931 2978 1032 3069 citas,
1067 2977 1248 3061 memorias,

127 3103 246 3201 eloqia,
272 3127 358 3202 qnae
382 3100 550 3190 dicuntur,
579 3126 618 3172 ac
641 3101 720 3173 varii
750 3099 877 3199 generis
895 3098 1080 3196 parentalia
1102 3097 1134 3170 ei
1162 3122 1249 3170 mon-

127 3239 231 3300 strare
244 3224 389 3324 juvabat.
433 3225 527 3311 Quae
551 3224 658 3297 onmia
682 3222 801 3322 cupide
818 3248 891 3296 eum
914 3221 1076 3309 videbam,
1090 3219 1248 3306 studiose,

129 3348 344 3447 intelligenter
369 3373 429 3421 nec
446 3349 515 3422 sine
537 3349 704 3448 voluptate
727 3349 925 3446 perlustrare
946 3360 979 3420 et
1002 3371 1077 3419 cum
1099 3344 1149 3433 iis,
1170 3367 1248 3444 quac

129 3473 215 3572 ipse,
241 3470 453 3570 locupletiore
481 3471 514 3543 in
538 3472 749 3571 supellectile,
767 3471 909 3570 reposita
932 3469 1094 3558 habebat,
1119 3493 1248 3567 compa·

129 3620 210 3669 rare.
262 3597 344 3669 Tum
362 3595 460 3692 igitur
477 3594 517 3668 de
538 3593 697 3693 ejusmodi
722 3594 938 3694 scriptorum,
961 3592 1039 3666 dum
1058 3589 1157 3664 modo
1179 3612 1247 3665 vera

131 3821 295 3834 man-r·-

165 3995 212 4066 (1)
232 3993 275 4047 En
295 3992 407 4048 titulum
427 3994 576 4062 orationis,
597 4012 678 4067 qnae,
701 3995 816 4067 adjectis
840 3994 988 4051 societatis
1010 3993 1201 4049 Monumentis
1220 3997 1243 4046 ot

128 4093 256 4154 Oretanis
276 4091 420 4147 notatione
437 4093 570 4162 litterata,
589 4094 616 4148 in
636 4094 775 4149 modicum
794 4094 918 4150 excrevit
934 4095 1071 4149 Tamum:
1093 4096 1147 4150 Het
1160 4094 1241 4162 Haaa·

125 4196 182 4249 salte
203 4192 376 4262 Gerwotsclmp
395 4201 432 4246 ter
449 4195 548 4247 verded.
569 4210 619 4247 aaa
640 4197 670 4248 de
691 4194 784 4248 Christ.
805 4194 956 4249 Godsdreast
975 4195 1188 4264 aeschiedlmadiq
1202 4208 1241 4261 aa·

126 4295 224 4348 sedetet.
264 4294 394 4348 Fecstrede
410 4301 448 4347 ter
463 4292 561 4361 clericy
579 4309 629 4345 aaa
647 4295 688 4348 liet
703 4293 856 4364 oiiftiyjariq
873 4293 974 4347 bestaoa
989 4296 1033 4348 des
1053 4291 1238 4360 Genootsclmpti

126 4395 247 4462 uituespr.
272 4401 294 4447 te
317 4392 437 4463 ’sHa9e,
458 4395 506 4448 den
533 4398 567 4449 23
596 4393 682 4449 Octob.
712 4399 794 4448 1835.
833 4393 891 4450 Met
914 4395 1047 4451 aaateelclc.
1072 4412 1104 4450 ea
1130 4393 1239 4464 bilaqmt

127 4495 218 4550 ibidem
239 4497 320 4547 1836.
