2828 4950
575 353 615 394 nu
637 352 834 396 nornunusro.
1230 333 1270 395 63

147 516 303 589 siasticum
319 517 518 606 hodiernum,
538 519 619 615 quod
642 521 728 616 apud
752 520 988 593 Nederloodioe
1009 521 1092 593 colet
1114 522 1279 618 Reforma-

148 653 188 710 tos
204 638 265 736 (l).
301 639 361 713 Cui
378 642 477 738 Operi
495 641 558 713 hoc
581 643 782 739 propositum
808 658 877 716 erat
898 644 1080 730 consilium,
1095 659 1132 718 ut
1152 645 1279 719 Neder-

147 760 291 834 landicac
320 763 581 836 Reformatorum
608 766 775 838 Ecclesiae
805 767 953 838 universa
983 767 1168 857 Ordinatio,
1193 793 1278 866 quae

143 911 169 957 a.
188 888 283 957 1816
302 887 442 971 sancita,
460 913 488 959 a.
505 887 635 961 demum
660 891 757 964 teet
776 889 891 986 partim
909 890 1063 988 abrogata
1083 906 1141 978 cst,
1161 891 1277 988 partim

141 1007 352 1082 vehementer
372 1009 550 1099 immutata,
572 1011 652 1084 baec
674 1011 773 1108 igitur
797 1026 833 1084 ut
854 1026 1006 1085 accurate
1026 1012 1276 1101 describeretur,

141 1157 180 1204 ac
207 1132 355 1230 singulae
376 1134 546 1232 deinceps,
569 1160 654 1235 quae
679 1135 755 1206 hinc
776 1136 986 1222 exstiterant,
1004 1136 1091 1233 leges
1115 1150 1213 1235 atque
1232 1136 1278 1207 in-

140 1257 275 1344 stituta,
301 1255 333 1328 in
352 1282 429 1328 suos
447 1283 598 1357 quaeque
622 1257 711 1331 locos
732 1256 936 1346 distrubuta,
958 1285 1022 1332 non
1043 1271 1279 1356 reponerentur

141 1391 280 1468 tantum,
306 1378 472 1469 seditem,
494 1380 599 1453 sicubi
622 1406 706 1477 opus
724 1381 906 1471 videbatur,
925 1395 1176 1482 exponerentur.
1203 1383 1278 1467 Quo

141 1499 184 1572 de
210 1500 294 1572 libro
321 1515 457 1575 nonest
484 1502 572 1601 quod
600 1503 702 1574 multa
725 1503 840 1577 dicam.
880 1505 961 1578 Mihi
988 1505 1132 1603 quidem,
1162 1521 1199 1578 ut
1216 1505 1279 1603 pri·

142 1648 234 1695 mum
264 1648 339 1696 curn
368 1625 524 1722 cognovi,
551 1624 607 1697 sed
633 1640 713 1722 puto
740 1627 810 1699 aliis
834 1627 930 1700 etiam
954 1627 1276 1726 intelligentioribus,

143 1745 182 1817 iis
206 1770 243 1817 se
267 1746 418 1842 probavit
439 1748 654 1844 praestantiae
670 1747 819 1835 dotibus,
846 1774 865 1821 a
888 1749 1011 1848 quibus
1029 1750 1187 1847 ejusmodi
1205 1752 1279 1847 jure

142 1868 415 1942 commendantur
441 1869 648 1957 Enoln'ridt'o,
674 1871 763 1967 justo
787 1895 895 1942 rerum
919 1870 1048 1944 delectu
1077 1897 1115 1944 ac
1140 1871 1279 1969 disposi-

142 1992 248 2079 tione,
275 1991 507 2080 concinnitate,
532 1993 778 2091 perspicuitate,
802 1993 970 2067 brevitate.
997 1994 1062 2067 Diu
1080 1995 1146 2091 jam
1169 1994 1279 2067 diven-

142 2113 219 2186 ditis
245 2114 377 2210 Operis,
403 2114 435 2186 in
459 2140 526 2214 quo
549 2114 737 2186 adornando
763 2115 900 2187 multum
928 2115 1083 2212 temporis
1103 2129 1205 2215 atque
1227 2117 1277 2188 in-

142 2234 288 2308 dustriae
308 2236 484 2308 collocarat
497 2237 633 2324 Auctor,
650 2235 817 2334 exemplis,
839 2250 906 2309 tum
929 2243 1054 2309 mutata
1074 2263 1159 2310 anno
1180 2240 1276 2315 4852

140 2357 311 2432 Ecclesiae
343 2359 618 2446 conformatione,
656 2384 739 2432 nova
766 2384 903 2457 prorsus
932 2358 1160 2457 requirebatur
1190 2359 1277 2432 illius

142 2481 252 2555 editio.
288 2480 342 2552 Ad
372 2508 469 2579 quam
494 2482 593 2579 igitur
615 2482 792 2555 curandam
814 2506 853 2554 ac
876 2482 1036 2580 praesenti
1062 2507 1170 2555 rerum
1197 2507 1277 2555 con-

142 2604 259 2677 ditioni
278 2604 494 2703 adaptandam
519 2605 625 2678 omnia
645 2608 709 2703 jam
728 2620 898 2704 paraverat
918 2604 1067 2702 Collega,
1093 2630 1194 2702 quum
1214 2604 1277 2677 boc

142 2728 241 2801 etiam
261 2727 429 2799 consilium
450 2727 596 2816 irritum,
619 2730 722 2801 eheu!
747 2729 822 2800 lecit
839 2727 1052 2825 necopinatus
1069 2729 1158 2824 ejus,
1177 2752 1275 2826 quem

141 2849 312 2946 lugemus,
340 2850 449 2922 abitus
473 2849 535 2947 (2).
587 2851 656 2923 Nec
694 2867 801 2924 tamen
839 2850 934 2948 plane
966 2853 1031 2947 jam
1069 2851 1274 2949 antiquatum

141 2972 316 3071 quisquam
336 2972 454 3045 librum
476 2972 596 3045 babeat
613 2974 707 3047 velim
725 2988 824 3073 atque
840 2973 1032 3047 obsoletum.
1061 2975 1176 3072 Neque
1188 2974 1273 3048 enim

140 3118 232 3181 eam,
253 3119 351 3192 quam
375 3120 463 3169 nunc
491 3096 607 3192 partim
633 3097 775 3194 peperit,
799 3096 916 3192 partim
943 3096 1082 3193 parturit
1103 3097 1271 3187 Ecclesia,

140 3243 260 3290 novam
290 3216 526 3289 Ordinationem
545 3230 632 3289 recte
658 3217 837 3314 intelligere
860 3217 1037 3314 poterimus
1058 3242 1096 3288 ac
1115 3216 1271 3314 judicare,

141 3340 203 3411 nisi
232 3342 333 3437 probe
358 3343 555 3441 perspectis,
574 3366 659 3441 quae
687 3340 818 3413 vixdum
840 3342 1015 3438 abrogatae
1035 3354 1112 3412 sunt
1133 3356 1190 3414 aut
1213 3342 1274 3414 im-

140 3478 305 3557 mutatae,
337 3467 464 3564 legibus
498 3480 596 3564 atque
626 3468 790 3542 institutis.
841 3467 894 3538 Ad
924 3466 1004 3538 baec
1031 3490 1107 3537 vero
1133 3464 1273 3563 penitius

179 3789 226 3858 (1)
245 3789 445 3857 Hcdendooqect
463 3789 589 3857 Kerlcreqt
605 3789 637 3858 bij
655 3791 685 3840 rte
700 3787 874 3841 Heroormden
892 3787 920 3839 in
938 3785 1096 3840 Nodertond.
1118 3785 1175 3840 Een
1188 3788 1269 3840 lond·

140 3888 203 3942 boelc
226 3905 286 3940 vom
309 3890 387 3942 atad.
412 3890 508 3954 leasen,
535 3889 644 3942 cluoneda
667 3894 706 3941 ten
728 3886 848 3954 pebrailce
874 3901 925 3938 von
946 3885 1043 3938 Predd.
1073 3903 1103 3938 en
1129 3886 1200 3940 ledea
1219 3903 1270 3940 aun

137 3988 245 4042 Kerkel.
262 3989 482 4058 Verpoderinpen,·
501 3987 579 4058 Traj.
597 3989 633 4041 ad
649 3987 704 4041 Rb.
725 3990 806 4040 1834.
827 3988 911 4038 1837.
929 3982 962 4036 ΙΙ
977 3982 1085 4037 Tomis.
1100 3982 1152 4055 Pp.
1171 3991 1224 4039 261
1243 3992 1272 4040 et

137 4091 205 4141 448.
219 4115 254 4128 -
274 4086 318 4142 Ab
339 4087 444 4141 ordinis
464 4085 661 4152 concinnitate,
682 4082 887 4156 perspicuitate,
909 4081 991 4153 plena
1010 4081 1165 4151 argumenti
1183 4098 1271 4153 expo-

136 4184 241 4240 sitione
261 4203 366 4239 summo
381 4186 446 4257 jure
466 4185 561 4240 laudat
582 4184 659 4256 Opus
680 4182 786 4238 Censor
805 4180 997 4246 doctissimus,
1025 4178 1123 4250 quide
1142 4179 1232 4234 Tomo
1255 4179 1272 4234 I

136 4283 300 4354 singulatim
328 4284 401 4338 lectu
425 4283 511 4355 digne
533 4283 635 4350 refert,
665 4282 694 4335 in
717 4280 791 4351 Eph.
817 4278 882 4334 Vod.
910 4276 1052 4345 Letteroeff.
1076 4280 1158 4330 1835.
1188 4275 1214 4330 Ι.
1239 4295 1269 4348 p.

139 4391 176 4439 24
197 4403 209 4439 s
254 4421 260 4436 .

176 4401 372 4552 (siqonnferri
393 4488 510 4554 possunt
529 4497 600 4552 qnae
617 4479 775 4549 parentalem
794 4479 830 4532 ert
846 4484 911 4533 orat.
934 4474 1101 4546 notavimus,
1122 4494 1151 4546 p.
1174 4479 1219 4530 33.
