2782 4958
497 384 537 426 nn
559 383 754 428 norannnslo.
1150 365 1190 430 13

105 554 122 620 :i
145 548 314 636 facultate,
342 547 600 647 exquisitissimis
624 548 811 646 quibusque
835 545 988 619 laudibus
1012 547 1189 621 ornandam

105 673 263 746 istimasse.
315 675 384 746 Nec
406 697 483 744 vero
507 671 548 743 ita
569 671 635 768 jam
660 669 857 744 obsolevisse
883 686 963 770 puto
992 669 1189 768 disputatio·

105 821 145 884 nr,
170 797 250 894 quin
282 794 419 867 sanioris
441 793 578 866 Critices
607 793 735 891 legibus
762 793 878 866 melius
899 806 1112 892 attemperata
1136 819 1192 867 re-

105 918 222 991 riantur
253 917 374 1005 multa,
400 943 486 1015 quac
512 916 553 988 ad
578 915 687 1003 Libri,
719 916 760 990 de
786 943 853 1016 qno
879 916 1066 1017 quaeritur,
1092 915 1189 990 fidem

108 1041 238 1113 toricam
259 1039 513 1112 confirmandam
534 1039 643 1129 affert,
665 1054 877 1136 argumenta,
896 1064 993 1139 quam
1018 1038 1189 1139 pleraque,

105 1164 184 1252 ibus,
203 1163 329 1236 adeam
352 1162 609 1236 labefactandam
629 1163 802 1263 ipsumque
816 1164 1011 1262 Prophetam
1024 1163 1190 1236 Danielem

105 1286 231 1359 thicam
259 1286 290 1357 in
323 1309 492 1384 personam
520 1284 794 1373 convertendum,
824 1300 856 1358 et
880 1286 933 1358 alii
954 1300 987 1359 et
1014 1287 1190 1383 Lenger-

105 1436 149 1484 us
174 1411 224 1508 (t)
252 1410 301 1482 usi
324 1434 396 1481 esse
421 1406 723 1506 deprehenduntur.

105 1655 225 1727 Verum
256 1653 485 1753 qualecunque
515 1651 556 1724 de
582 1651 721 1725 diatribe
744 1651 903 1750 judicium
930 1653 1087 1728 hodierna
1107 1656 1190 1728 ierat

111 1777 187 1865 tica;
217 1802 257 1849 eo
290 1777 396 1849 minus
421 1777 508 1849 illius
532 1777 586 1849 hie
616 1776 737 1850 mentio
768 1776 863 1875 piane
891 1777 1069 1850 omittenda
1098 1792 1188 1867 erat,

105 1925 120 1972 n
153 1899 385 1999 expeditiorem
424 1901 562 1972 ductori
602 1900 802 1999 superiorem
846 1900 887 1972 ad
920 1899 1027 1973 iocum
1065 1899 1188 1973 aditum

105 2023 188 2095 ravit.
224 2023 322 2109 Quod
341 2022 506 2123 quomodo
524 2023 644 2096 iactum
665 2024 723 2111 sit,
747 2024 861 2122 paucis
877 2023 972 2095 nobis
990 2023 1188 2096 narrandum

105 2199 116 2218 „
153 2149 229 2232 Qun
255 2161 401 2245 tempore
425 2147 543 2244 (annus
566 2160 636 2218 erat
658 2148 767 2246 teat)
790 2146 934 2219 omnium
953 2147 1189 2244 approbatione

105 2268 214 2340 ebrari
241 2269 424 2367 inceperat,
455 2294 554 2369 quam
584 2269 740 2354 diximus,
768 2269 806 2340 de
829 2269 964 2341 Doni'e'le
987 2286 1189 2343 commenta·

105 2432 123 2479 ·,
147 2392 241 2464 binae
266 2392 399 2464 inerunt
420 2393 453 2464 in
473 2393 650 2466 Academia
671 2392 988 2490 Rheno-Traiectind
1015 2392 1190 2466 cathedrae

105 2514 281 2613 eologicae,
303 2541 388 2614 quae
409 2542 531 2589 novum
558 2532 698 2617 utraque
721 2516 782 2588 sibi
804 2516 1007 2615 requirerent
1033 2531 1090 2590 aut
1116 2543 1189 2615 prn-

105 2661 145 2710 no
164 2664 299 2739 qnoque
324 2651 470 2739 tempore
496 2640 711 2740 requisiturae
734 2655 841 2713 essent
858 2640 1085 2714 Proiessorem.
1126 2640 1188 2713 At-

105 2788 159 2838 ram
194 2766 303 2838 adhuc
330 2763 462 2838 tenebat
496 2762 663 2835 Gabriel
694 2763 1034 2854 Van-Oordtius,
1064 2767 1188 2855 Senex,

105 2911 155 2962 tem
175 2891 281 2962 mitem
298 2891 372 2987 jure
394 2889 502 2961 dicere
521 2902 650 2987 poteras
671 2889 827 2986 sapientiai
842 2889 995 2963 Laelium.
1024 2888 1085 2962 Hic
1102 2891 1187 2962 enim

105 3020 144 3084 tae
167 3012 318 3110 publicae
344 3013 475 3110 negotia
498 3037 571 3084 cum
598 3011 650 3109 pia
668 3036 706 3084 ac
727 3010 824 3084 docta
852 3010 962 3110 quiete
988 3024 1189 3086 commutare

105 3128 182 3208 idem
218 3137 375 3234 cupierat.
425 3135 475 3207 Ac
509 3136 630 3209 trustra
669 3138 734 3231 jam
766 3160 785 3207 a
815 3133 948 3207 consilio
981 3135 1190 3234 exsequendo

105 3277 133 3328 m
155 3284 292 3332 avocare
309 3259 481 3332 studuerat
501 3258 678 3356 Heringa
704 3257 824 3358 aliique
846 3257 961 3330 Amici.
989 3258 1074 3332 Huic
1091 3259 1190 3354 igitur

106 3401 235 3455 ccessor
257 3380 465 3480 quaerendus
483 3380 669 3470 videbatur,
690 3405 788 3480 quem
812 3379 901 3452 nulio
925 3405 999 3452 cum
1023 3379 1189 3478 Theologo

105 3504 378 3604 reno-Trajectino
395 3508 605 3601 conjunctum
620 3518 744 3576 teneret
764 3502 952 3602 disciplinae
973 3503 1186 3577 necessitudo.

105 3628 218 3714 talem,
241 3642 412 3727 postquam
432 3628 577 3700 oblatum
599 3628 755 3700 honorem
775 3627 970 3725 deprecatus
989 3643 1058 3700 erat
1078 3630 1187 3700 Van-

105 3750 296 3848 tngeiius,
324 3751 382 3825 Vir
405 3750 619 3840 clarissimus,
641 3753 815 3825 Curatores
840 3755 1113 3826 Boumannum
1144 3755 1190 3826 in·

105 3887 234 3962 nerunt,
268 3874 323 3972 qui
360 3876 391 3945 in
429 3874 594 3972 antiquam
633 3874 871 3972 Episcoporum
907 3875 1016 3949 sedem
1052 3878 1188 3977 ejusque

105 4075 213 4088 ᾕ-

105 4221 144 4294 [1)
164 4222 232 4277 Vid.
254 4220 363 4275 C‘a'sar
389 4239 456 4275 von
486 4221 690 4292 Longerke,
716 4223 762 4275 dos
781 4220 853 4273 Brtcb
873 4220 969 4274 Daniel
987 4223 1140 4276 cerdeutscirt
1158 4242 1185 4276 u.

105 4323 203 4391 θάρρη
221 4322 337 4388 Repiom.
365 4326 446 4374 1835.
488 4319 551 4385 Quo
576 4322 609 4375 de
636 4318 706 4375 libro
730 4320 841 4391 copiose
864 4319 959 4374 rotulit
980 4320 1186 4392 Hitzigius,

106 4422 180 4494 Eph.
202 4423 308 4474 Studien
326 4441 352 4474 n.
377 4422 507 4488 Krititeo,
532 4427 612 4474 1837.
635 4428 661 4474 4.
684 4440 712 4491 p.
727 4427 779 4474 923
796 4439 858 4493 sqq.
893 4421 948 4476 Ubi
967 4420 1061 4476 laudnt
1079 4421 1187 4477 uberius

105 4540 140 4576 tm
161 4523 197 4577 de
216 4539 250 4577 eo
269 4539 286 4576 a
306 4538 334 4576 se
355 4521 429 4576 dieta
449 4522 476 4574 in
497 4521 604 4576 Annotl.
625 4521 786 4589 Heidelberq.
