2782 4958
224 1240 453 1306 &encaeniorum
475 1242 594 1308 criticus
616 1251 645 1307 et
668 1240 827 1326 erepetieua
854 1242 888 1308 irc
913 1241 957 1309 N.
989 1240 1023 1310 T.
1072 1247 1191 1309 Auctore
1210 1241 1235 1307 H.
1288 1214 1290 1347 ἱ

267 1359 301 1418 Α.
328 1357 379 1420 W.
405 1360 531 1440 Meyer
555 1359 612 1440 (i).
1288 1436 1290 1441 Ι

266 1470 403 1551 (Pauca
429 1469 473 1532 de
500 1492 574 1533 non
606 1467 734 1533 nullis
768 1469 878 1535 illius
912 1468 1106 1547 Partibus,
1140 1488 1238 1554 nuper
1288 1446 1290 1453 Ι

311 1582 370 1647 vel
393 1584 522 1648 denuo
551 1586 673 1648 editis
695 1584 757 1650 vel
783 1587 949 1669 primum
976 1584 1154 1666 emissis).

640 1864 768 1886 “GU——

176 2093 218 2156 Ex
238 2115 298 2177 quo
321 2097 454 2177 tempore
477 2094 513 2156 de
536 2092 615 2158 binis
638 2092 729 2177 hujus
749 2093 847 2177 operis
867 2092 1014 2172 Pariibus,
1036 2091 1143 2157 iisdem
1166 2089 1244 2154 bisin

121 2209 265 2289 -eaarrio,
295 2208 464 2284 retulimus,
490 2208 650 2294 dupliciter
677 2208 709 2272 id
732 2212 821 2291 atque
843 2209 1002 2294 insigniter
1025 2212 1150 2271 auctum
1171 2210 1212 2270 esi
1225 2208 1246 2267 ei

131 2321 360 2406 locupletatum.
408 2326 587 2407 Numquam
609 2324 695 2386 novis
716 2322 855 2407 deinceps
878 2321 1062 2386 editionibus
1085 2317 1248 2404 frequentari

130 2444 213 2518 suni,
239 2460 299 2501 nou
321 2461 422 2502 omues
445 2439 580 2522 quidem,
603 2438 655 2501 sed
675 2437 777 2523 piures
792 2445 904 2513 tomen,
928 2459 1004 2521 quos
1022 2437 1089 2521 ipse
1105 2436 1249 2519 jemaniea

131 2554 269 2617 emiserat
293 2555 483 2637 Meyerus‚
512 2552 659 2617 librorum
685 2552 902 2627 commendarim
928 2560 989 2616 tum
1012 2552 1044 2614 io
1065 2551 1250 2634 interpretau-

131 2664 188 2735 dis,
213 2663 296 2727 illius
318 2665 374 2728 sub
397 2665 550 2748 auspiciis,
571 2666 619 2742 iis,
646 2686 722 2748 quae
746 2663 844 2727 adbuc
864 2666 992 2728 intactae
1016 2670 1198 2745 manserant,
1221 2664 1248 2726 N.

131 2780 164 2841 T.
198 2778 337 2862 Epistolis
369 2784 489 2842 strenue
521 2784 731 2864 perrexerunt,
759 2800 834 2861 quos
863 2778 980 2863 pridem
1007 2779 1249 2864 nuncupavimus,

130 2893 286 2955 Duumviri
305 2893 452 2976 juniores.
502 2896 543 2958 De
563 2897 690 2976 utraque
712 2889 811 2978 igitur
823 2893 952 2969 ratione,
974 2895 1035 2975 qud
1054 2895 1210 2957 communi
1224 2892 1252 2955 de

130 3027 233 3090 penso,
255 3008 452 3073 recentissimo
476 3016 621 3089 tompore,
650 3007 698 3071 vel
718 3006 770 3071 iile
793 3006 841 3072 vel
863 3005 894 3070 hi
915 3006 1098 3086 meruerint,
1127 3005 1253 3072 hocloco

130 3141 219 3203 quam
243 3120 415 3186 brevissime
435 3123 544 3186 referre
564 3122 662 3205 juvat.

176 3235 321 3321 Theologi
346 3238 489 3316 vererani,
514 3237 601 3320 cujus
630 3237 667 3300 de
690 3238 811 3300 nomine
839 3235 951 3299 dicitur
972 3255 1064 3320 opus,
1091 3235 1255 3320 Goettiogae

131 3353 250 3416 tertium
272 3356 343 3416 suni
366 3352 440 3416 editi
468 3353 629 3415 commin
653 3351 857 3426 Marciacum,
882 3372 906 3414 a.
936 3350 1039 3426 1853;
1057 3390 1103 3400 -
1127 3349 1162 3412 in
1181 3348 1255 3413 Mar·

129 3488 190 3528 cum
214 3472 245 3528 et
265 3465 388 3547 Bucam,
420 3488 443 3529 a.
470 3467 577 3542 1855;
605 3505 642 3514 ——
666 3466 699 3528 in
722 3467 741 3529 2
767 3463 902 3529 cariora.
927 3485 952 3528 a.
976 3465 1079 3529 1850.
1128 3462 1256 3548 Ejusdem

128 3578 240 3644 ibidem
260 3580 367 3644 iterum
389 3579 554 3674 suniuediti
579 3600 689 3643 comm.
716 3583 747 3644 et
768 3579 801 3642 in
828 3581 907 3642 Aeto
934 3582 1014 3657 App.
1040 3583 1071 3642 et
1098 3577 1131 3640 in
1156 3580 1206 3663 Ep.
1227 3575 1259 3640 od

129 3745 279 3754 ——a—-u——-

163 3845 197 3904 (1)
216 3843 271 3892 Vix
289 3856 353 3906 opus
371 3849 408 3892 est
426 3840 566 3891 chbiridii
585 3841 711 3890 notissimi
729 3842 833 3891 titulum
852 3839 938 3892 Germ.
957 3854 1101 3906 apponere:
1121 3839 1190 3890 Krir.
1202 3854 1259 3903 orep.

128 3934 281 3984 Korameuror
299 3935 338 3984 dd.
358 3933 403 3983 das
422 3933 459 3984 N.
480 3931 508 3982 T.
527 3934 577 3984 Sed
595 3934 712 3997 singulas
741 3933 829 3985 Partes
853 3935 994 3998 singulares
1022 3935 1101 3985 etium
1119 3935 1213 3986 habent
1227 3934 1258 3982 iu·

127 4028 286 4091 scriptiones,
308 4043 372 4092 quae
390 4030 421 4076 ad
440 4042 469 4077 ea
488 4028 646 4083 referuntur,
666 4041 730 4091 quac
749 4028 775 4076 ia
794 4029 825 4076 iis
843 4036 1004 4086 enarrantur,
1024 4025 1257 4092 1“1.’1”.ε(ει·ἱρῑει.μή

127 4121 159 4170 Et
177 4122 208 4170 do
227 4122 346 4171 universo
364 4136 440 4185 opere
458 4129 483 4172 et
501 4121 646 4183 singulatim
665 4123 696 4169 de
714 4121 793 4184 ipsius
810 4120 936 4184 Meyeri
956 4134 1048 4170 comm.
1070 4120 1097 4169 in
1117 4117 1175 4169 Gai.
1193 4117 1255 4169 aede

125 4215 326 4264 L'iinomaani
344 4229 435 4265 eornm.
454 4217 478 4265 in
501 4221 510 4263 l
531 4224 552 4264 er
570 4220 584 4262 2
599 4211 694 4269 These,
711 4215 802 4262 horum
819 4211 909 4262 Oderat.
922 4211 952 4259 L.
967 4213 987 4260 1.
1006 4228 1030 4276 p.
1044 4217 1077 4260 50
1096 4226 1160 4276 sqq„
1178 4209 1255 4276 paullo

125 4307 251 4369 copiosius
276 4308 381 4371 egimus.
426 4307 508 4369 Quem
535 4308 621 4356 iocum
647 4305 806 4356 continuabit
836 4305 1023 4368 quedammodo
1049 4306 1150 4356 brevior
1174 4306 1253 4355 haecce

125 4399 222 4448 relatio.
