2782 4958
584 360 761 402 urraouoors.
1181 343 1242 404 143

149 528 320 592 Enimvero
343 549 380 591 ex
403 528 450 591 ird
472 527 586 610 potius,
611 547 699 609 quam
723 547 760 589 ex
783 545 893 609 aequae
917 525 1028 588 mentis
1050 525 1241 609 integritate,

100 648 197 706 tanta
219 641 295 707 haec
317 643 434 707 exstitit
464 639 691 706 Fritaschii
721 647 827 724 sponte
857 640 1015 705 ferocioris
1036 641 1069 702 in
1092 640 1244 725 Interpre·

96 763 168 820 tem
185 756 343 824 acerbitas.
368 757 470 840 Aque
481 756 627 820 nimirum
639 755 789 818 neminem
801 755 908 838 magis,
919 774 1008 836 quam
1025 774 1101 828 sese,
1116 754 1245 837 petitum

96 893 175 935 esse
205 877 238 935 et
268 870 439 936 lacessitum
471 867 663 956 opinabatur,
694 867 747 932 ubi
770 868 930 932 hodiernos
957 867 1039 931 Novi
1061 867 1245 931 Testamenti

95 984 322 1070 Explicatores
355 986 466 1050 namu
499 984 571 1048 ferri
606 983 723 1047 dixerat
756 982 939 1068 arcoporrtid
961 979 1143 1065 plinioque
1182 979 1241 1066 (1).

97 1276 143 1325 tio
161 1277 206 1326 in:
225 1274 292 1340 Allq.
309 1275 402 1338 (Hall.)
418 1274 467 1327 Lu.
483 1274 548 1325 Zeit.
563 1277 594 1325 ad
607 1291 642 1324 m.
658 1275 781 1323 Martium
800 1277 874 1330 1848,
894 1270 939 1321 N0.
955 1275 987 1319 40
1003 1285 1040 1334 sq·
1066 1269 1117 1320 Ubi
1130 1268 1248 1318 laudatur
1351 1330 1356 1339 ι

95 1368 216 1431 quidem
233 1364 410 1417 De-Wettii
428 1370 455 1418 in
473 1366 537 1418 Actu
551 1366 656 1432 Aperit,
673 1363 889 1418 Commentarinsr
908 1364 953 1414 sed
969 1365 1017 1424 ita,
1036 1371 1065 1413 ut
1085 1363 1167 1412 adhuc
1181 1361 1247 1411 male

99 1475 170 1511 eum
185 1474 291 1526 praepp.
308 1463 349 1518 εἰς
366 1468 392 1512 et
405 1460 435 1511 ts
447 1476 602 1526 synonymae
615 1461 732 1511 habuisse
745 1460 970 1508 animadvertatur.
989 1453 1151 1519 Quamquam
1167 1453 1248 1503 multo

98 1552 249 1603 humanior
265 1553 397 1616 leniorque
412 1567 444 1602 aa
461 1567 570 1603 masura
586 1559 638 1614 est,
654 1567 731 1616 quum
748 1567 812 1616 quae
829 1551 917 1600 etdem
935 1548 961 1599 iu
979 1546 1157 1611 Ephemeride,
1173 1546 1204 1595 ad
1222 1560 1247 1595 u.

108 1650 179 1696 1888
205 1661 240 1696 m.
261 1645 379 1711 Aprilem
399 1644 524 1711 (Erpd'nz.
544 1644 587 1697 Bl.
611 1642 658 1694 bl0.
677 1649 709 1694 28
732 1642 796 1709 sqq.)
815 1643 925 1708 reposita
942 1646 1005 1690 erat.
1040 1639 1091 1690 Hic
1119 1638 1200 1699 enim,
1221 1638 1248 1686 in

98 1739 217 1799 meutrt,
235 1753 299 1803 quae
313 1739 397 1788 adhuc
413 1739 554 1804 prodierat,
572 1733 754 1789 commentarii
771 1738 798 1788 iu
815 1750 857 1800 ep·
875 1739 907 1786 ad
930 1734 1002 1786 Runa
1019 1737 1142 1796 editione,
1165 1735 1249 1799 philo·

102 1829 238 1893 logicam,
257 1845 322 1896 quae
338 1832 520 1896 requireretur,
540 1830 706 1882 subtilitatem
729 1836 805 1895 utque
822 1828 971 1898 ἀκρίβειαν
994 1830 1147 1895 quaesivisse
1163 1827 1249 1878 Inter·

103 1928 218 1986 protem,
237 1925 348 1977 severior
364 1927 527 1976 contenderet
536 1924 625 1989 ludex.
882 1942 896 1981 s

147 2199 298 2261 Enimvero,
313 2202 345 2252 ab
361 2202 400 2252 his
417 2203 493 2266 longe
509 2182 699 2266 dissentientes,
715 2204 758 2255 ulii
777 2204 808 2254 ab
825 2205 880 2268 ipsd
897 2204 972 2253 etiam
990 2200 1122 2268 ἀκριβείᾳ
1140 2199 1248 2263 philolo·

115 2292 170 2354 gict
187 2305 218 2341 ac
241 2291 374 2356 diligentie
392 2297 558 2357 grammatice
583 2295 800 2347 commentarium
823 2297 977 2346 laudandum
1000 2297 1132 2359 puttrunt.
1167 2289 1248 2356 Cujus

115 2383 187 2443 hauc,
213 2385 245 2435 ab
261 2385 379 2436 omnibus
394 2388 438 2436 diu
453 2388 580 2450 cognitam
602 2396 626 2438 et
645 2389 772 2451 agnitam,
794 2388 914 2438 virtutem
935 2401 988 2437 esse
1008 2386 1163 2436 confidenter
1181 2399 1248 2436 asse·
1326 2441 1329 2446 ,

116 2484 245 2527 verentem
271 2480 388 2529 audimus
413 2480 516 2529 Actium
538 2480 700 2532 De·Wett.
721 2480 869 2540 Censorem,
896 2481 923 2530 in
947 2478 1161 2530 Rheinweldii
1186 2475 1244 2542 allp.

116 2566 211 2635 Repert.
233 2573 274 2621 ed.
291 2571 458 2634 mflAugust.
478 2576 552 2631 1840,
570 2589 595 2639 p.
614 2577 645 2624 97
663 2589 716 2639 eqq.
741 2575 828 2638 Atque
845 2574 933 2625 etdem
950 2588 966 2623 a
981 2574 1039 2623 dote
1063 2569 1246 2620 Commentarii

116 2662 140 2711 iu
158 2678 215 2728 epp.
239 2666 271 2713 ad
294 2660 350 2714 Gar.
377 2672 404 2714 et
427 2663 512 2715 lbere.
533 2681 549 2714 a
571 2663 816 2733 Miiuchmeyero
841 2666 1030 2731 praedicantur,
1060 2664 1086 2713 in
1112 2662 1246 2712 Reuteri

116 2751 170 2819 aliq.
188 2752 287 2819 Rapere.
304 2757 337 2805 ad
348 2743 388 2807 'm.
405 2756 470 2806 Nor.
490 2761 564 2815 1846,
581 2773 607 2821 p.
625 2759 656 2807 97
676 2772 730 2821 sqq.
748 2783 781 2794 -
800 2757 899 2818 Quibus
916 2757 1061 2820 diligentiae
1078 2755 1246 2820 philologicos

116 2846 288 2898 laudatoribus
304 2849 381 2913 piane
397 2850 502 2899 assentit
511 2848 730 2914 Interpretatiouis
747 2849 826 2908 Petri,
844 2847 926 2900 Judoe
936 2857 961 2899 et
977 2847 1065 2899 Jacobs'
1081 2847 1245 2912 epistolarum

117 2935 214 2990 Censor
230 2954 388 3005 anonymus,
412 2942 440 2990 in
467 2941 601 2992 Brousii
624 2949 650 2992 et
674 2941 807 2993 Hdineri
831 2958 900 2992 neum
915 2942 1014 3008 Rapere.
1032 2941 1094 2992 XV.
1117 2947 1138 2990 l.
1158 2938 1245 3002 (1848)

115 3044 139 3093 p.
155 3036 163 3080 1
181 3046 238 3096 sqq.
270 3031 326 3082 Nec
343 3033 418 3096 longe
435 3033 494 3082 binc
510 3034 615 3083 discedit
626 3033 674 3082 Vir
690 3035 789 3094 doctus,
803 3037 847 3099 qui
865 3037 896 3085 de
913 3033 1066 3085 Commentt.
1079 3036 1105 3082 in
1118 3031 1243 3096 Euonpp„

115 3121 178 3173 Aeto
196 3131 221 3173 et
238 3137 279 3189 ep.
298 3126 330 3175 ad
347 3123 417 3176 Rom·
435 3125 532 3186 retulit,
550 3127 578 3179 in
594 3125 712 3190 Ephem.:
736 3124 841 3176 Joamal
853 3127 907 3189 fur
930 3124 1061 3189 Prediqer,
1084 3127 1116 3175 ed
1134 3139 1169 3175 m.
1186 3122 1244 3173 Jul.

115 3220 139 3263 et
155 3215 227 3278 Aug.
249 3221 324 3277 1840,
342 3233 369 3282 p.
388 3222 418 3266 41
439 3232 493 3282 sqq·
529 3217 579 3269 Hic
597 3219 664 3271 euim
682 3234 715 3269 ex
731 3219 835 3283 vulgate
851 3217 1041 3274 Fritaschii,
1067 3232 1143 3280 quam
1160 3222 1246 3280 poste·

115 3307 208 3359 riorum
225 3311 432 3369 memoravimus,
450 3312 559 3361 censurt
576 3326 721 3375 perversam
739 3314 805 3364 benc
822 3314 848 3363 in
866 3311 1010 3376 opinionem
1023 3310 1117 3359 multos
1129 3309 1244 3358 inductos

115 3415 168 3452 esse
185 3402 256 3463 dicit,
276 3405 343 3466 quod
360 3405 491 3468 exegetica
507 3405 598 3469 peritii
613 3420 643 3456 ac
655 3406 773 3456 multata
790 3421 849 3456 oum
867 3403 1000 3454 Wincro
1018 3417 1047 3450 ac
1061 3399 1244 3449 Fritaschio

114 3506 277 3557 nequaquam
305 3497 489 3559 comparandus
516 3499 549 3547 sit
580 3495 800 3563 De-Wettius.
839 3493 1018 3552 »Enimueru‚”
1045 3494 1095 3550 ait,
1122 3490 1245 3541 »amoma

115 3584 235 3644 ewndcm,
260 3602 330 3649 quum
355 3585 400 3646 illi,
427 3587 464 3637 iric
491 3589 595 3652 sequitur
616 3589 785 3654 interpretandi
808 3590 870 3639 viam
895 3603 925 3636 oc
950 3587 1060 3637 rationem
1066 3603 1076 3647 ;
1100 3585 1134 3634 ibi
1158 3589 1246 3632 drumm

114 3676 239 3728 »diuersus
255 3679 286 3727 ab
303 3679 334 3728 iia
351 3679 442 3738 abieno,
463 3681 505 3731 ubi
520 3680 549 3731 de
563 3681 735 3745 particularum
752 3698 781 3732 uc
798 3680 826 3731 de
850 3679 979 3730 Medorum
996 3679 1021 3728 r'n
1038 3677 1114 3727 verbis
1131 3692 1175 3728 aaa
1193 3673 1245 3722 ἀίε-

114 3778 205 3834 ruwet,
224 3779 293 3835 atque
308 3773 351 3823 obi
372 3774 418 3823 mire
440 3773 560 3835 describit,
584 3790 654 3838 quom
670 3775 695 3824 ia
716 3773 838 3825 excolende
855 3772 923 3824 Novi
940 3771 1081 3824 Tuumne
1100 3766 1246 3818 Helleaismo

115 3861 258 3913 »Hebraico
283 3865 390 3916 amm
412 3865 520 3932 lr'opoo.u
539 3892 570 3904 -
594 3867 636 3918 Sic
654 3867 712 3922 illes
736 3867 810 3929 cnjus
832 3867 900 3916 dicta
921 3866 1029 3927 dubites,
1054 3872 1141 3914 utrum
1164 3861 1245 3926 magis

116 3964 260 4019 comparata
284 3959 336 4008 sint
361 3959 394 4008 ad
419 3959 604 4025 Interpretum‚
629 3974 693 4024 quos
723 3959 837 4018 confert,
861 3958 1051 4008 similitudinem
1075 3954 1244 4020 probandam,

117 4061 148 4096 an
165 4048 405 4101 dissimilitudinem.
423 4051 547 4112 Euenim,
559 4066 624 4115 quae
641 4051 773 4101 dissimilia
790 4064 844 4100 esse
861 4055 957 4105 mouet,
976 4064 1034 4098 eum
1051 4063 1097 4112 per
1114 4062 1140 4098 se
1158 4045 1246 4110 gravis

118 4147 187 4199 sunt,
206 4146 262 4191 tum
278 4141 335 4192 aliis
352 4158 411 4193 cum
427 4145 643 4210 interpretationis
659 4143 808 4203 momentis,
833 4143 864 4192 de
881 4141 974 4206 quibus
990 4141 1151 4198 dissentitur,
1175 4142 1245 4188 arcte

67 4242 73 4248 ·
119 4230 262 4294 conjuncta.

152 4422 187 4483 (¹)
207 4423 257 4473 Hic
275 4426 379 4493 omnino
398 4426 507 4476 conferri
526 4426 610 4484 velim,
632 4439 695 4487 quae
714 4438 791 4486 supra
808 4421 964 4479 monuimus,
984 4435 1008 4484 p.
1031 4424 1070 4468 51.
1087 4424 1130 4500 88.
