2782 4958
556 347 596 389 na
619 346 815 390 aoranausro.
1206 325 1248 388 23

129 511 360 608 comparatione
384 509 581 609 populorum
607 536 807 610 eorumque,
830 509 952 609 quibus
975 510 1245 598 continebantur,

131 611 288 706 boninum
317 633 477 722 indolem,
511 634 591 722 lata,
617 634 718 724 lacta,
750 647 818 706 tum
844 633 1042 706 incrementa
1068 658 1106 706 ac
1130 633 1247 706 decre·

134 770 227 828 menta
262 755 431 830 declarare
465 756 647 830 conabatur
683 771 783 856 atque
822 782 993 857 exponere.
1044 757 1107 831 Ubi
1141 773 1247 832 tamen

128 875 249 950 climatis
281 879 378 953 etiam
412 879 568 978 uictrixque
598 893 631 954 et
661 881 796 954 aliarum
824 882 1104 980 opportunitatum
1139 881 1181 952 ab
1207 905 1246 955 eo

124 999 260 1075 lubitum
286 1027 358 1076 esse
384 1004 541 1076 rationem
561 1004 719 1079 videmus.
758 1007 871 1105 Atque
896 1006 959 1079 boc
985 1007 1017 1078 in
1043 1030 1162 1102 genere
1181 1004 1246 1077 noli

118 1151 291 1225 quaerere,
320 1152 418 1226 quam
452 1127 554 1201 multa
578 1128 630 1202 vel
662 1129 875 1227 probabiliter
904 1153 942 1216 ac
967 1153 1063 1215 vere,
1085 1128 1137 1201 vel
1159 1141 1248 1202 certe

117 1250 302 1348 ingeniose,
338 1252 433 1337 scite,
462 1251 609 1351 speciose
638 1250 756 1326 dixerit
787 1278 826 1329 ac
850 1253 999 1327 docuerit
1033 1251 1170 1326 eximius
1195 1252 1248 1325 hic

117 1387 301 1471 temporum
322 1387 561 1449 anteactorum
583 1377 740 1473 Cognitor
766 1401 804 1450 ac
821 1377 925 1450 Testis
952 1377 1013 1476 (t).
1059 1377 1142 1465 Qui,
1160 1376 1187 1450 si
1205 1376 1249 1448 ita

115 1496 270 1569 historiae
289 1498 457 1569 materiam
476 1497 686 1572 excolendam
710 1500 836 1573 curavit
859 1512 959 1601 atque
975 1496 1248 1598 amplificandam,

115 1617 154 1692 de
177 1619 289 1714 firrmd
316 1619 432 1706 etiam,
460 1625 526 1720 qud
547 1621 705 1695 tradenda
727 1623 787 1708 sit,
809 1637 995 1722 opportune
1020 1621 1147 1714 docuit,
1173 1647 1248 1697 eum

117 1743 147 1816 in
177 1744 312 1817 modum
346 1769 455 1818 rerum
491 1749 683 1845 quorumvis
708 1760 873 1844 gestarum
905 1744 1142 1820 informandam
1177 1770 1249 1819 esse

116 1868 350 1956 narrationem,
377 1869 425 1940 sic
451 1893 562 1942 earum
591 1871 698 1959 initia,
722 1894 872 1968 gressus,
897 1870 1021 1957 exitus,
1043 1869 1250 1943 consecutio-

117 2017 172 2066 nes
202 1990 432 2088 significandas
456 2018 527 2067 esse
553 2019 591 2067 ac
617 1991 839 2092 copulandas,
866 2010 903 2067 ut
929 2018 1120 2066 caussarum
1151 2005 1250 2092 atque

120 2115 307 2191 effectorum
343 2116 444 2206 ratio,
487 2117 538 2190 rel
575 2118 646 2190 sine
688 2117 808 2190 diserta
847 2116 1013 2191 notatione
1049 2131 1083 2190 et
1113 2115 1247 2205 indicio,

119 2253 235 2340 sponte
259 2240 386 2315 eluceat
409 2254 509 2340 atque
531 2241 738 2338 intelligatur.
790 2241 888 2328 Quod
912 2255 1129 2339 postremum,
1154 2254 1191 2313 ut
1209 2266 1250 2314 ex

120 2365 195 2465 ipsis
221 2378 358 2463 apparot
384 2365 536 2439 Doctoris
559 2364 705 2463 scriptis,
728 2365 775 2437 sic
804 2363 956 2464 equidem
987 2362 1185 2437 luculentius
1209 2388 1250 2436 ex

120 2488 395 2588 Royaardeii,
422 2488 623 2562 familiariter
647 2487 698 2562 his
725 2487 766 2562 de
792 2488 891 2562 rebus
920 2511 1047 2560 mecum
1079 2486 1247 2575 collocuti,

117 2612 248 2687 monitis
275 2637 326 2685 me
351 2611 537 2711 percepisse
561 2612 724 2686 recordor.
750 2655 791 2666 -
816 2615 889 2685 Huc
915 2610 1014 2709 igitur
1038 2609 1249 2684 Heusdia·

115 2760 193 2810 uae
215 2734 349 2808 rationis
373 2733 547 2809 historicae
572 2758 698 2806 summa
721 2733 856 2806 redibat.
894 2735 930 2805 ln
953 2739 1019 2832 qud
1034 2731 1165 2832 quidem
1186 2758 1250 2804 non

113 2861 226 2934 omnia
252 2885 335 2932 nova
372 2884 443 2933 esse
468 2857 632 2944 habenda,
660 2883 746 2955 quac
772 2872 926 2958 tanquam
957 2857 1054 2930 acrba
1077 2883 1138 2929 aon
1160 2857 1251 2954 prius

108 2983 228 3058 cudda
249 2983 362 3056 calidis
386 2982 428 3056 ab
454 2985 615 3056 Juvenum
648 2981 783 3078 ingeniis
807 2980 1071 3079 excipiebantur,
1098 2980 1168 3077 ipse
1194 2979 1250 3055 lu-

113 3109 233 3182 benter
268 3107 468 3182 concedebat
498 3106 556 3181 Vir
593 3103 759 3177 modestus
794 3102 969 3178 admodum
1008 3125 1047 3175 ac
1081 3101 1248 3176 candidus.

105 3233 239 3306 -Verum
264 3231 456 3304 institutioni
482 3228 680 3326 singularem
704 3227 845 3326 aliquam
867 3225 1020 3298 novitatis
1044 3224 1095 3297 vel
1113 3224 1249 3322 gratiam

113 3355 312 3429 conciliabat
341 3354 390 3426 vel
418 3354 558 3451 speciem
590 3350 818 3450 elegantissimi
849 3373 912 3421 vox
942 3361 975 3420 et
1004 3345 1098 3419 melle
1123 3346 1252 3421 dulcior

118 3477 223 3552 oratio
249 3476 481 3574 Praeceptoris.

167 3603 239 3673 Hoc
262 3599 420 3698 imprimis
444 3598 557 3686 studii,
593 3595 683 3696 quod
711 3595 868 3683 diximus,
896 3593 1040 3666 bistorici
1067 3617 1168 3692 quum
1191 3591 1254 3663 im-

120 3724 252 3822 pulsore
288 3749 382 3810 usus,
414 3736 481 3795 tum
522 3721 606 3794 duce
641 3717 946 3818 Royaardsius,
973 3715 1083 3817 plures
1119 3715 1253 3789 comites

130 3900 288 3915 ..n-¹·—

157 3998 204 4069 (l)
225 3996 304 4063 Quae
325 3997 447 4053 breviter
467 3998 510 4050 blc
530 4014 546 4049 a
565 4014 608 4050 me
629 3995 703 4049 dicta
723 4000 796 4059 sunt,
818 4010 851 4048 ea
870 3993 992 4066 suppleri
1012 3994 1094 4048 velim
1111 4001 1149 4060 et,
1168 3993 1253 4048 sicubi

124 4113 190 4168 opus
210 4104 264 4165 est,
285 4096 387 4167 corrigi
408 4104 491 4168 atque
512 4094 652 4150 emendari
671 4112 706 4147 ex
723 4094 757 4147 iis
773 4109 845 4164 quae
859 4090 918 4164 ipse
933 4090 1005 4147 dixit
1021 4091 1058 4146 H.
1079 4092 1110 4148 J.
1126 4092 1160 4146 R.
1179 4091 1254 4146 libeli

126 4196 197 4252 laud.
220 4216 249 4270 p.
274 4203 317 4250 12.
342 4203 386 4250 18.
415 4201 535 4249 ‘ar-23.
558 4201 604 4248 41.
628 4200 660 4247 51
683 4211 714 4248 ac
734 4191 836 4266 passim
855 4190 929 4246 alibi.
967 4191 1071 4247 Verum
1099 4191 1254 4263 dignissimi

125 4296 203 4351 etiam
223 4296 272 4368 qni
291 4295 469 4350 conserantur
488 4293 535 4348 alii
555 4301 620 4348 sunt
639 4293 698 4347 Viri
720 4291 794 4347 docti
814 4309 846 4346 ao
865 4291 941 4359 clari,
963 4308 1080 4364 quorum
1100 4299 1254 4347 accuratam

126 4397 292 4451 notationem
306 4404 390 4467 atque
405 4395 524 4450 indicem
539 4393 717 4448 Roversio
738 4395 868 4447 debemus
882 4391 1089 4463 elegantissima
1103 4393 1130 4448 in
1146 4393 1255 4448 che·

126 4495 171 4550 dii
190 4495 363 4551 Memoria
384 4494 475 4565 (Traj.
494 4497 530 4548 ad
546 4494 597 4547 Ra.
624 4496 720 4563 1841).
744 4511 771 4563 p.
795 4499 840 4550 94.
864 4500 909 4549 95.
