<?xml version="1.0" encoding="UTF-8"?>
<!DOCTYPE html PUBLIC "-//W3C//DTD XHTML 1.0 Transitional//EN"
    "http://www.w3.org/TR/xhtml1/DTD/xhtml1-transitional.dtd">
<html xmlns="http://www.w3.org/1999/xhtml" xml:lang="en" lang="en">
 <head>
  <title>
</title>
<meta http-equiv="Content-Type" content="text/html;charset=utf-8" />
  <meta name='ocr-system' content='tesseract 3.04.00' />
  <meta name='ocr-capabilities' content='ocr_page ocr_carea ocr_par ocr_line ocrx_word'/>
</head>
<body>
  <div class='ocr_page' id='page_1' title='image "./chartaetheologi00boumgoog_0075.png"; bbox 0 0 2782 4958; ppageno 0'>
   <div class='ocr_carea' id='block_1_1' title="bbox 139 317 767 376">
    <p class='ocr_par' dir='ltr' id='par_1_1' title="bbox 139 317 767 376">
     <span class='ocr_line' id='line_1_1' title="bbox 139 317 767 376; baseline -0.002 0"><span class='ocrx_word' id='word_1_1' title='bbox 139 317 180 376; x_wconf 79' lang='lat'><strong>58</strong></span> <span class='ocrx_word' id='word_1_2' title='bbox 611 332 767 375; x_wconf 84' lang='lat' dir='ltr'><strong>urnuoaon</strong></span> 
     </span>
    </p>
   </div>
   <div class='ocr_carea' id='block_1_2' title="bbox 112 498 1273 3795">
    <p class='ocr_par' dir='ltr' id='par_1_2' title="bbox 112 498 1267 697">
     <span class='ocr_line' id='line_1_2' title="bbox 112 498 1267 589; baseline 0.009 -26"><span class='ocrx_word' id='word_1_3' title='bbox 112 501 215 580; x_wconf 20' lang='lat' dir='ltr'><strong>‘sacri</strong></span> <span class='ocrx_word' id='word_1_4' title='bbox 243 520 296 562; x_wconf 89' lang='lat' dir='ltr'><strong>seu</strong></span> <span class='ocrx_word' id='word_1_5' title='bbox 320 498 429 574; x_wconf 69' lang='lat' dir='ltr'><strong>eamn,</strong></span> <span class='ocrx_word' id='word_1_6' title='bbox 455 503 486 561; x_wconf 90' lang='lat' dir='ltr'><strong>et</strong></span> <span class='ocrx_word' id='word_1_7' title='bbox 509 498 659 582; x_wconf 75' lang='lat' dir='ltr'><strong>scriptura</strong></span> <span class='ocrx_word' id='word_1_8' title='bbox 677 499 843 583; x_wconf 74' lang='lat' dir='ltr'><strong>judicanda</strong></span> <span class='ocrx_word' id='word_1_9' title='bbox 866 506 897 566; x_wconf 85' lang='lat' dir='ltr'><strong>et</strong></span> <span class='ocrx_word' id='word_1_10' title='bbox 920 503 1170 589; x_wconf 69' lang='lat' dir='ltr'><strong>interpretatione</strong></span> <span class='ocrx_word' id='word_1_11' title='bbox 1197 507 1267 572; x_wconf 76' lang='lat' dir='ltr'><strong>dau·</strong></span> 
     </span>
     <span class='ocr_line' id='line_1_3' title="bbox 137 611 824 697; baseline 0.001 -19"><span class='ocrx_word' id='word_1_12' title='bbox 137 615 249 678; x_wconf 75' lang='lat' dir='ltr'><strong>niendt</strong></span> <span class='ocrx_word' id='word_1_13' title='bbox 272 614 332 678; x_wconf 92' lang='lat' dir='ltr'><strong>vim</strong></span> <span class='ocrx_word' id='word_1_14' title='bbox 355 611 468 677; x_wconf 86' lang='lat' dir='ltr'><strong>habeut</strong></span> <span class='ocrx_word' id='word_1_15' title='bbox 490 617 580 697; x_wconf 86' lang='lat' dir='ltr'><strong>atque</strong></span> <span class='ocrx_word' id='word_1_16' title='bbox 601 615 824 680; x_wconf 87' lang='lat' dir='ltr'><strong>auctoritatem.</strong></span> 
     </span>
    </p>

    <p class='ocr_par' dir='ltr' id='par_1_3' title="bbox 130 726 1273 2415">
     <span class='ocr_line' id='line_1_4' title="bbox 182 726 1269 812; baseline 0.005 -19"><span class='ocrx_word' id='word_1_17' title='bbox 182 727 319 793; x_wconf 90' lang='lat' dir='ltr'><strong>Primum</strong></span> <span class='ocrx_word' id='word_1_18' title='bbox 352 727 451 812; x_wconf 85' lang='lat' dir='ltr'><strong>igitur</strong></span> <span class='ocrx_word' id='word_1_19' title='bbox 487 726 563 790; x_wconf 92' lang='lat' dir='ltr'><strong>dicti</strong></span> <span class='ocrx_word' id='word_1_20' title='bbox 593 747 740 792; x_wconf 78' lang='lat' dir='ltr'><strong>memores</strong></span> <span class='ocrx_word' id='word_1_21' title='bbox 777 727 1012 800; x_wconf 81' lang='lat' dir='ltr'><strong>Quinctilianei:</strong></span> <span class='ocrx_word' id='word_1_22' title='bbox 1048 737 1269 800; x_wconf 67' lang='lat' dir='ltr'><strong>caanou&#39;cocm</strong></span> 
     </span>
     <span class='ocr_line' id='line_1_5' title="bbox 136 840 1273 927; baseline 0.003 -17"><span class='ocrx_word' id='word_1_23' title='bbox 136 845 295 910; x_wconf 62' lang='lat' dir='ltr'><strong>eunome</strong></span> <span class='ocrx_word' id='word_1_24' title='bbox 314 842 481 927; x_wconf 77' lang='lat' dir='ltr'><strong><em>praecedat</em></strong></span> <span class='ocrx_word' id='word_1_25' title='bbox 503 840 598 920; x_wconf 82' lang='lat' dir='ltr'><strong>lectio,</strong></span> <span class='ocrx_word' id='word_1_26' title='bbox 621 843 658 906; x_wconf 89' lang='lat' dir='ltr'><strong>de</strong></span> <span class='ocrx_word' id='word_1_27' title='bbox 672 847 756 926; x_wconf 85' lang='lat' dir='ltr'><strong>parte</strong></span> <span class='ocrx_word' id='word_1_28' title='bbox 778 845 884 909; x_wconf 67' lang='lat' dir='ltr'><strong>critice</strong></span> <span class='ocrx_word' id='word_1_29' title='bbox 899 845 1062 911; x_wconf 90' lang='lat' dir='ltr'><strong>videamus.</strong></span> <span class='ocrx_word' id='word_1_30' title='bbox 1093 846 1156 912; x_wconf 90' lang='lat' dir='ltr'><strong>Ubi</strong></span> <span class='ocrx_word' id='word_1_31' title='bbox 1173 849 1273 914; x_wconf 87' lang='lat' dir='ltr'><strong>miuus</strong></span> 
     </span>
     <span class='ocr_line' id='line_1_6' title="bbox 135 955 1271 1043; baseline 0.002 -19"><span class='ocrx_word' id='word_1_32' title='bbox 135 957 300 1034; x_wconf 89' lang='lat' dir='ltr'><strong>commode,</strong></span> <span class='ocrx_word' id='word_1_33' title='bbox 313 979 389 1041; x_wconf 91' lang='lat' dir='ltr'><strong>qnae</strong></span> <span class='ocrx_word' id='word_1_34' title='bbox 407 955 680 1021; x_wconf 87' lang='lat' dir='ltr'><strong>animadversiones</strong></span> <span class='ocrx_word' id='word_1_35' title='bbox 696 957 732 1021; x_wconf 89' lang='lat' dir='ltr'><strong>ad</strong></span> <span class='ocrx_word' id='word_1_36' title='bbox 747 957 940 1043; x_wconf 86' lang='lat' dir='ltr'><strong>singulorum</strong></span> <span class='ocrx_word' id='word_1_37' title='bbox 952 959 1090 1025; x_wconf 90' lang='lat' dir='ltr'><strong>locorum</strong></span> <span class='ocrx_word' id='word_1_38' title='bbox 1110 961 1271 1027; x_wconf 67' lang='lat' dir='ltr'><strong>helionem</strong></span> 
     </span>
     <span class='ocr_line' id='line_1_7' title="bbox 135 1068 1270 1158; baseline 0.002 -20"><span class='ocrx_word' id='word_1_39' title='bbox 135 1070 376 1138; x_wconf 78' lang='lat' dir='ltr'><strong>constituendam</strong></span> <span class='ocrx_word' id='word_1_40' title='bbox 388 1069 568 1155; x_wconf 81' lang='lat' dir='ltr'><strong>promendae</strong></span> <span class='ocrx_word' id='word_1_41' title='bbox 579 1068 769 1147; x_wconf 83' lang='lat' dir='ltr'><strong>videbantur,</strong></span> <span class='ocrx_word' id='word_1_42' title='bbox 784 1093 833 1135; x_wconf 88' lang='lat' dir='ltr'><strong>eas</strong></span> <span class='ocrx_word' id='word_1_43' title='bbox 852 1073 1040 1158; x_wconf 83' lang='lat' dir='ltr'><strong>singulorum</strong></span> <span class='ocrx_word' id='word_1_44' title='bbox 1056 1075 1201 1158; x_wconf 84' lang='lat' dir='ltr'><strong>Gapitnm</strong></span> <span class='ocrx_word' id='word_1_45' title='bbox 1221 1098 1270 1140; x_wconf 83' lang='lat' dir='ltr'><strong>sx-</strong></span> 
     </span>
     <span class='ocr_line' id='line_1_8' title="bbox 133 1183 1272 1272; baseline 0.004 -23"><span class='ocrx_word' id='word_1_46' title='bbox 133 1186 289 1272; x_wconf 89' lang='lat' dir='ltr'><strong>plicationi</strong></span> <span class='ocrx_word' id='word_1_47' title='bbox 319 1205 381 1248; x_wconf 93' lang='lat' dir='ltr'><strong>nno</strong></span> <span class='ocrx_word' id='word_1_48' title='bbox 411 1183 552 1268; x_wconf 75' lang='lat' dir='ltr'><strong>deinceps</strong></span> <span class='ocrx_word' id='word_1_49' title='bbox 582 1188 686 1249; x_wconf 87' lang='lat' dir='ltr'><strong>tenore</strong></span> <span class='ocrx_word' id='word_1_50' title='bbox 708 1186 885 1269; x_wconf 88' lang='lat' dir='ltr'><strong>praemissas</strong></span> <span class='ocrx_word' id='word_1_51' title='bbox 907 1209 990 1268; x_wconf 89' lang='lat' dir='ltr'><strong>esse,</strong></span> <span class='ocrx_word' id='word_1_52' title='bbox 1023 1188 1125 1272; x_wconf 89' lang='lat' dir='ltr'><strong>plnres</strong></span> <span class='ocrx_word' id='word_1_53' title='bbox 1146 1191 1272 1254; x_wconf 84' lang='lat' dir='ltr'><strong>luerunt</strong></span> 
     </span>
     <span class='ocr_line' id='line_1_9' title="bbox 134 1298 1271 1389; baseline 0.003 -23"><span class='ocrx_word' id='word_1_54' title='bbox 134 1303 189 1386; x_wconf 93' lang='lat' dir='ltr'><strong>qui</strong></span> <span class='ocrx_word' id='word_1_55' title='bbox 207 1302 278 1385; x_wconf 87' lang='lat' dir='ltr'><strong>jure</strong></span> <span class='ocrx_word' id='word_1_56' title='bbox 300 1303 522 1383; x_wconf 79' lang='lat' dir='ltr'><strong>conquerentur</strong></span> <span class='ocrx_word' id='word_1_57' title='bbox 544 1298 705 1362; x_wconf 78' lang='lat' dir='ltr'><strong>Censores·</strong></span> <span class='ocrx_word' id='word_1_58' title='bbox 752 1298 824 1371; x_wconf 80' lang='lat' dir='ltr'><strong>Quo</strong></span> <span class='ocrx_word' id='word_1_59' title='bbox 854 1323 923 1365; x_wconf 89' lang='lat' dir='ltr'><strong>sane</strong></span> <span class='ocrx_word' id='word_1_60' title='bbox 945 1303 1090 1368; x_wconf 90' lang='lat' dir='ltr'><strong>instituto</strong></span> <span class='ocrx_word' id='word_1_61' title='bbox 1118 1323 1197 1389; x_wconf 87' lang='lat' dir='ltr'><strong>qnae</strong></span> <span class='ocrx_word' id='word_1_62' title='bbox 1226 1307 1271 1369; x_wconf 90' lang='lat' dir='ltr'><strong>rei</strong></span> 
     </span>
     <span class='ocr_line' id='line_1_10' title="bbox 132 1413 1270 1503; baseline 0.005 -24"><span class='ocrx_word' id='word_1_63' title='bbox 132 1418 242 1480; x_wconf 72' lang='lat' dir='ltr'><strong>nature</strong></span> <span class='ocrx_word' id='word_1_64' title='bbox 263 1414 399 1500; x_wconf 86' lang='lat' dir='ltr'><strong>proxime</strong></span> <span class='ocrx_word' id='word_1_65' title='bbox 422 1413 583 1495; x_wconf 86' lang='lat' dir='ltr'><strong>conjuncta</strong></span> <span class='ocrx_word' id='word_1_66' title='bbox 604 1418 704 1494; x_wconf 88' lang='lat' dir='ltr'><strong>eraut,</strong></span> <span class='ocrx_word' id='word_1_67' title='bbox 728 1435 789 1478; x_wconf 93' lang='lat' dir='ltr'><strong>uon</strong></span> <span class='ocrx_word' id='word_1_68' title='bbox 805 1435 874 1480; x_wconf 88' lang='lat' dir='ltr'><strong>raro</strong></span> <span class='ocrx_word' id='word_1_69' title='bbox 889 1416 1007 1481; x_wconf 87' lang='lat' dir='ltr'><strong>divulsa</strong></span> <span class='ocrx_word' id='word_1_70' title='bbox 1021 1424 1178 1503; x_wconf 78' lang='lat' dir='ltr'><strong>apparent.</strong></span> <span class='ocrx_word' id='word_1_71' title='bbox 1212 1421 1270 1485; x_wconf 81' lang='lat' dir='ltr'><strong>At·</strong></span> 
     </span>
     <span class='ocr_line' id='line_1_11' title="bbox 133 1525 1268 1616; baseline 0.003 -21"><span class='ocrx_word' id='word_1_72' title='bbox 133 1549 193 1615; x_wconf 91' lang='lat' dir='ltr'><strong>que</strong></span> <span class='ocrx_word' id='word_1_73' title='bbox 216 1529 289 1592; x_wconf 90' lang='lat' dir='ltr'><strong>haec</strong></span> <span class='ocrx_word' id='word_1_74' title='bbox 311 1527 407 1603; x_wconf 90' lang='lat' dir='ltr'><strong>ratio,</strong></span> <span class='ocrx_word' id='word_1_75' title='bbox 440 1546 517 1610; x_wconf 90' lang='lat' dir='ltr'><strong>quae</strong></span> <span class='ocrx_word' id='word_1_76' title='bbox 547 1547 603 1589; x_wconf 90' lang='lat' dir='ltr'><strong>nec</strong></span> <span class='ocrx_word' id='word_1_77' title='bbox 632 1525 777 1604; x_wconf 75' lang='lat' dir='ltr'><strong>brevitati</strong></span> <span class='ocrx_word' id='word_1_78' title='bbox 807 1528 940 1593; x_wconf 84' lang='lat' dir='ltr'><strong>consulit</strong></span> <span class='ocrx_word' id='word_1_79' title='bbox 961 1551 1019 1594; x_wconf 88' lang='lat' dir='ltr'><strong>nec</strong></span> <span class='ocrx_word' id='word_1_80' title='bbox 1041 1533 1268 1616; x_wconf 82' lang='lat' dir='ltr'><strong>perspicuitati,</strong></span> 
     </span>
     <span class='ocr_line' id='line_1_12' title="bbox 134 1638 1270 1728; baseline 0.001 -19"><span class='ocrx_word' id='word_1_81' title='bbox 134 1643 224 1709; x_wconf 89' lang='lat' dir='ltr'><strong>nobis</strong></span> <span class='ocrx_word' id='word_1_82' title='bbox 242 1644 333 1707; x_wconf 89' lang='lat' dir='ltr'><strong>etiam</strong></span> <span class='ocrx_word' id='word_1_83' title='bbox 356 1662 392 1705; x_wconf 91' lang='lat' dir='ltr'><strong>eo</strong></span> <span class='ocrx_word' id='word_1_84' title='bbox 414 1641 512 1725; x_wconf 86' lang='lat' dir='ltr'><strong>magis</strong></span> <span class='ocrx_word' id='word_1_85' title='bbox 533 1638 729 1724; x_wconf 84' lang='lat' dir='ltr'><strong>improbanda</strong></span> <span class='ocrx_word' id='word_1_86' title='bbox 752 1641 883 1724; x_wconf 90' lang='lat' dir='ltr'><strong>videtur,</strong></span> <span class='ocrx_word' id='word_1_87' title='bbox 907 1664 969 1728; x_wconf 92' lang='lat' dir='ltr'><strong>quo</strong></span> <span class='ocrx_word' id='word_1_88' title='bbox 993 1645 1140 1710; x_wconf 87' lang='lat' dir='ltr'><strong>minorem</strong></span> <span class='ocrx_word' id='word_1_89' title='bbox 1165 1652 1270 1711; x_wconf 83' lang='lat' dir='ltr'><strong>aucto·</strong></span> 
     </span>
     <span class='ocr_line' id='line_1_13' title="bbox 134 1755 1271 1842; baseline 0.005 -22"><span class='ocrx_word' id='word_1_90' title='bbox 134 1759 254 1821; x_wconf 89' lang='lat' dir='ltr'><strong>ritatem</strong></span> <span class='ocrx_word' id='word_1_91' title='bbox 278 1755 399 1830; x_wconf 88' lang='lat' dir='ltr'><strong>habere,</strong></span> <span class='ocrx_word' id='word_1_92' title='bbox 425 1761 456 1820; x_wconf 92' lang='lat' dir='ltr'><strong>et</strong></span> <span class='ocrx_word' id='word_1_93' title='bbox 477 1776 538 1840; x_wconf 94' lang='lat' dir='ltr'><strong>qno</strong></span> <span class='ocrx_word' id='word_1_94' title='bbox 561 1756 741 1821; x_wconf 79' lang='lat' dir='ltr'><strong>recentioris</strong></span> <span class='ocrx_word' id='word_1_95' title='bbox 763 1757 893 1842; x_wconf 89' lang='lat' dir='ltr'><strong>originis</strong></span> <span class='ocrx_word' id='word_1_96' title='bbox 914 1779 979 1823; x_wconf 89' lang='lat' dir='ltr'><strong>essa</strong></span> <span class='ocrx_word' id='word_1_97' title='bbox 1007 1758 1183 1824; x_wconf 89' lang='lat' dir='ltr'><strong>hodiernam</strong></span> <span class='ocrx_word' id='word_1_98' title='bbox 1210 1759 1271 1826; x_wconf 79' lang='lat' dir='ltr'><strong>Go-</strong></span> 
     </span>
     <span class='ocr_line' id='line_1_14' title="bbox 131 1869 1269 1962; baseline 0.005 -28"><span class='ocrx_word' id='word_1_99' title='bbox 131 1874 245 1962; x_wconf 77' lang='lat' dir='ltr'><strong>pilum,</strong></span> <span class='ocrx_word' id='word_1_100' title='bbox 272 1890 401 1954; x_wconf 93' lang='lat' dir='ltr'><strong>quorum</strong></span> <span class='ocrx_word' id='word_1_101' title='bbox 425 1871 559 1954; x_wconf 89' lang='lat' dir='ltr'><strong>ipsorum</strong></span> <span class='ocrx_word' id='word_1_102' title='bbox 582 1869 695 1936; x_wconf 88' lang='lat' dir='ltr'><strong>finibus</strong></span> <span class='ocrx_word' id='word_1_103' title='bbox 716 1873 821 1938; x_wconf 81' lang='lat' dir='ltr'><strong>critico</strong></span> <span class='ocrx_word' id='word_1_104' title='bbox 845 1871 999 1955; x_wconf 83' lang='lat' dir='ltr'><strong>Meyeri</strong></span> <span class='ocrx_word' id='word_1_105' title='bbox 1029 1875 1184 1939; x_wconf 86' lang='lat' dir='ltr'><strong>annotatio</strong></span> <span class='ocrx_word' id='word_1_106' title='bbox 1209 1879 1269 1940; x_wconf 88' lang='lat' dir='ltr'><strong>ter·</strong></span> 
     </span>
     <span class='ocr_line' id='line_1_15' title="bbox 133 1982 1272 2072; baseline 0.005 -24"><span class='ocrx_word' id='word_1_107' title='bbox 133 1985 285 2062; x_wconf 90' lang='lat' dir='ltr'><strong>minatur,</strong></span> <span class='ocrx_word' id='word_1_108' title='bbox 318 1982 562 2050; x_wconf 85' lang='lat' dir='ltr'><strong>distributionem</strong></span> <span class='ocrx_word' id='word_1_109' title='bbox 592 1986 673 2050; x_wconf 89' lang='lat' dir='ltr'><strong>inter</strong></span> <span class='ocrx_word' id='word_1_110' title='bbox 704 2005 807 2072; x_wconf 89' lang='lat' dir='ltr'><strong>omnes</strong></span> <span class='ocrx_word' id='word_1_111' title='bbox 836 1992 966 2052; x_wconf 88' lang='lat' dir='ltr'><strong>constat.</strong></span> <span class='ocrx_word' id='word_1_112' title='bbox 1012 1988 1272 2054; x_wconf 83' lang='lat' dir='ltr'><strong>Liinemauuo</strong></span> 
     </span>
     <span class='ocr_line' id='line_1_16' title="bbox 133 2099 1269 2188; baseline 0.005 -25"><span class='ocrx_word' id='word_1_113' title='bbox 133 2100 230 2185; x_wconf 89' lang='lat' dir='ltr'><strong>igitur</strong></span> <span class='ocrx_word' id='word_1_114' title='bbox 253 2099 279 2163; x_wconf 90' lang='lat' dir='ltr'><strong>si</strong></span> <span class='ocrx_word' id='word_1_115' title='bbox 302 2099 392 2175; x_wconf 86' lang='lat' dir='ltr'><strong>sorte,</strong></span> <span class='ocrx_word' id='word_1_116' title='bbox 417 2100 498 2183; x_wconf 93' lang='lat' dir='ltr'><strong>qnod</strong></span> <span class='ocrx_word' id='word_1_117' title='bbox 521 2121 686 2183; x_wconf 89' lang='lat' dir='ltr'><strong>speramns,</strong></span> <span class='ocrx_word' id='word_1_118' title='bbox 710 2101 838 2165; x_wconf 89' lang='lat' dir='ltr'><strong>aliorum</strong></span> <span class='ocrx_word' id='word_1_119' title='bbox 860 2101 951 2166; x_wconf 88' lang='lat' dir='ltr'><strong>etiam</strong></span> <span class='ocrx_word' id='word_1_120' title='bbox 973 2101 1014 2167; x_wconf 85' lang='lat' dir='ltr'><strong>N.</strong></span> <span class='ocrx_word' id='word_1_121' title='bbox 1032 2101 1067 2166; x_wconf 76' lang='grc' dir='ltr'><strong>Τ.</strong></span> <span class='ocrx_word' id='word_1_122' title='bbox 1087 2103 1269 2188; x_wconf 89' lang='lat' dir='ltr'><strong>scriptorum</strong></span> 
     </span>
     <span class='ocr_line' id='line_1_17' title="bbox 133 2212 1270 2302; baseline 0.006 -25"><span class='ocrx_word' id='word_1_123' title='bbox 133 2214 294 2298; x_wconf 86' lang='lat' dir='ltr'><strong>explicatio</strong></span> <span class='ocrx_word' id='word_1_124' title='bbox 317 2214 487 2293; x_wconf 88' lang='lat' dir='ltr'><strong>mandetur,</strong></span> <span class='ocrx_word' id='word_1_125' title='bbox 513 2220 549 2277; x_wconf 94' lang='lat' dir='ltr'><strong>nt</strong></span> <span class='ocrx_word' id='word_1_126' title='bbox 572 2212 629 2277; x_wconf 92' lang='lat' dir='ltr'><strong>hoc</strong></span> <span class='ocrx_word' id='word_1_127' title='bbox 653 2214 839 2278; x_wconf 81' lang='lat' dir='ltr'><strong>meritissimi</strong></span> <span class='ocrx_word' id='word_1_128' title='bbox 861 2216 1072 2280; x_wconf 86' lang='lat' dir='ltr'><strong>Antecesaoris</strong></span> <span class='ocrx_word' id='word_1_129' title='bbox 1098 2216 1270 2302; x_wconf 87' lang='lat' dir='ltr'><strong>exemplum</strong></span> 
     </span>
     <span class='ocr_line' id='line_1_18' title="bbox 130 2329 591 2415; baseline -0.002 -19"><span class='ocrx_word' id='word_1_130' title='bbox 130 2332 249 2396; x_wconf 87' lang='lat' dir='ltr'><strong>deserat</strong></span> <span class='ocrx_word' id='word_1_131' title='bbox 271 2331 434 2415; x_wconf 88' lang='lat' dir='ltr'><strong>optandum</strong></span> <span class='ocrx_word' id='word_1_132' title='bbox 458 2329 591 2395; x_wconf 89' lang='lat' dir='ltr'><strong>videtur.</strong></span> 
     </span>
    </p>

    <p class='ocr_par' dir='ltr' id='par_1_4' title="bbox 128 2442 1270 3795">
     <span class='ocr_line' id='line_1_19' title="bbox 174 2442 1270 2530; baseline -0.004 -19"><span class='ocrx_word' id='word_1_133' title='bbox 174 2447 234 2512; x_wconf 83' lang='lat' dir='ltr'><strong>Sed</strong></span> <span class='ocrx_word' id='word_1_134' title='bbox 257 2446 349 2522; x_wconf 86' lang='lat' dir='ltr'><strong>haec,</strong></span> <span class='ocrx_word' id='word_1_135' title='bbox 382 2467 458 2530; x_wconf 89' lang='lat' dir='ltr'><strong>quae</strong></span> <span class='ocrx_word' id='word_1_136' title='bbox 481 2444 607 2509; x_wconf 88' lang='lat' dir='ltr'><strong>formam</strong></span> <span class='ocrx_word' id='word_1_137' title='bbox 639 2442 827 2509; x_wconf 92' lang='lat' dir='ltr'><strong>solummodo</strong></span> <span class='ocrx_word' id='word_1_138' title='bbox 859 2450 911 2509; x_wconf 91' lang='lat' dir='ltr'><strong>aut</strong></span> <span class='ocrx_word' id='word_1_139' title='bbox 940 2444 1040 2510; x_wconf 91' lang='lat' dir='ltr'><strong>locum</strong></span> <span class='ocrx_word' id='word_1_140' title='bbox 1063 2446 1270 2510; x_wconf 82' lang='lat' dir='ltr'><strong>annotationis</strong></span> 
     </span>
     <span class='ocr_line' id='line_1_20' title="bbox 131 2558 1268 2644; baseline 0 -21"><span class='ocrx_word' id='word_1_141' title='bbox 131 2561 298 2644; x_wconf 87' lang='lat' dir='ltr'><strong>attingunt,</strong></span> <span class='ocrx_word' id='word_1_142' title='bbox 323 2558 435 2623; x_wconf 88' lang='lat' dir='ltr'><strong>leviora</strong></span> <span class='ocrx_word' id='word_1_143' title='bbox 458 2563 541 2622; x_wconf 87' lang='lat' dir='ltr'><strong>sunt.</strong></span> <span class='ocrx_word' id='word_1_144' title='bbox 592 2558 722 2623; x_wconf 86' lang='lat' dir='ltr'><strong>Gravius</strong></span> <span class='ocrx_word' id='word_1_145' title='bbox 745 2563 903 2643; x_wconf 83' lang='lat' dir='ltr'><strong>astatque</strong></span> <span class='ocrx_word' id='word_1_146' title='bbox 925 2560 1121 2624; x_wconf 78' lang='lat' dir='ltr'><strong>omniuohlc</strong></span> <span class='ocrx_word' id='word_1_147' title='bbox 1144 2581 1268 2624; x_wconf 80' lang='lat' dir='ltr'><strong>monau-</strong></span> 
     </span>
     <span class='ocr_line' id='line_1_21' title="bbox 132 2671 1268 2759; baseline 0 -21"><span class='ocrx_word' id='word_1_148' title='bbox 132 2676 216 2753; x_wconf 89' lang='lat' dir='ltr'><strong>dum,</strong></span> <span class='ocrx_word' id='word_1_149' title='bbox 241 2673 416 2758; x_wconf 88' lang='lat' dir='ltr'><strong>plerumque</strong></span> <span class='ocrx_word' id='word_1_150' title='bbox 440 2693 477 2735; x_wconf 82' lang='lat' dir='ltr'><strong>ex</strong></span> <span class='ocrx_word' id='word_1_151' title='bbox 500 2671 581 2735; x_wconf 88' lang='lat' dir='ltr'><strong>sanis</strong></span> <span class='ocrx_word' id='word_1_152' title='bbox 603 2671 734 2735; x_wconf 83' lang='lat' dir='ltr'><strong>Oriticos</strong></span> <span class='ocrx_word' id='word_1_153' title='bbox 756 2671 876 2757; x_wconf 89' lang='lat' dir='ltr'><strong>legibus</strong></span> <span class='ocrx_word' id='word_1_154' title='bbox 898 2673 936 2736; x_wconf 91' lang='lat' dir='ltr'><strong>dc</strong></span> <span class='ocrx_word' id='word_1_155' title='bbox 958 2675 1158 2752; x_wconf 86' lang='lat' dir='ltr'><strong>variantium,</strong></span> <span class='ocrx_word' id='word_1_156' title='bbox 1190 2695 1268 2759; x_wconf 90' lang='lat' dir='ltr'><strong>quae</strong></span> 
     </span>
     <span class='ocr_line' id='line_1_22' title="bbox 131 2785 1268 2873; baseline -0.002 -19"><span class='ocrx_word' id='word_1_157' title='bbox 131 2788 351 2862; x_wconf 86' lang='lat' dir='ltr'><strong>offerebantur,</strong></span> <span class='ocrx_word' id='word_1_158' title='bbox 376 2788 474 2872; x_wconf 88' lang='lat' dir='ltr'><strong>pretio</strong></span> <span class='ocrx_word' id='word_1_159' title='bbox 497 2807 532 2850; x_wconf 90' lang='lat' dir='ltr'><strong>ao</strong></span> <span class='ocrx_word' id='word_1_160' title='bbox 554 2785 764 2870; x_wconf 83' lang='lat' dir='ltr'><strong>probabilitate</strong></span> <span class='ocrx_word' id='word_1_161' title='bbox 783 2792 818 2851; x_wconf 87' lang='lat' dir='ltr'><strong>et</strong></span> <span class='ocrx_word' id='word_1_162' title='bbox 840 2786 1041 2873; x_wconf 83' lang='lat' dir='ltr'><strong>Meyerum</strong></span> <span class='ocrx_word' id='word_1_163' title='bbox 1061 2787 1215 2871; x_wconf 72' lang='lat' dir='ltr'><strong>judicasse</strong></span> <span class='ocrx_word' id='word_1_164' title='bbox 1237 2791 1268 2852; x_wconf 84' lang='lat' dir='ltr'><strong>et</strong></span> 
     </span>
     <span class='ocr_line' id='line_1_23' title="bbox 132 2901 1268 2987; baseline -0.002 -18"><span class='ocrx_word' id='word_1_165' title='bbox 132 2905 446 2978; x_wconf 80' lang='lat' dir='ltr'><strong>Liluemauuum,</strong></span> <span class='ocrx_word' id='word_1_166' title='bbox 471 2921 569 2984; x_wconf 88' lang='lat' dir='ltr'><strong>neque</strong></span> <span class='ocrx_word' id='word_1_167' title='bbox 592 2901 770 2966; x_wconf 86' lang='lat' dir='ltr'><strong>alterutrum</strong></span> <span class='ocrx_word' id='word_1_168' title='bbox 792 2902 953 2987; x_wconf 87' lang='lat' dir='ltr'><strong>impegisse</strong></span> <span class='ocrx_word' id='word_1_169' title='bbox 973 2903 1007 2966; x_wconf 92' lang='lat' dir='ltr'><strong>in</strong></span> <span class='ocrx_word' id='word_1_170' title='bbox 1030 2902 1203 2987; x_wconf 87' lang='lat' dir='ltr'><strong>scopulum,</strong></span> <span class='ocrx_word' id='word_1_171' title='bbox 1231 2909 1268 2967; x_wconf 87' lang='lat' dir='ltr'><strong>ut</strong></span> 
     </span>
     <span class='ocr_line' id='line_1_24' title="bbox 131 3015 1267 3101; baseline -0.003 -16"><span class='ocrx_word' id='word_1_172' title='bbox 131 3020 196 3099; x_wconf 88' lang='lat' dir='ltr'><strong>vel,</strong></span> <span class='ocrx_word' id='word_1_173' title='bbox 222 3016 460 3083; x_wconf 82' lang='lat' dir='ltr'><strong>Lachmanui</strong></span> <span class='ocrx_word' id='word_1_174' title='bbox 483 3015 635 3100; x_wconf 85' lang='lat' dir='ltr'><strong>exemplo,</strong></span> <span class='ocrx_word' id='word_1_175' title='bbox 660 3015 828 3090; x_wconf 81' lang='lat' dir='ltr'><strong>(lodicum,</strong></span> <span class='ocrx_word' id='word_1_176' title='bbox 853 3018 907 3101; x_wconf 92' lang='lat' dir='ltr'><strong>qni</strong></span> <span class='ocrx_word' id='word_1_177' title='bbox 921 3018 1130 3101; x_wconf 77' lang='lat' dir='ltr'><strong>antiquissimi</strong></span> <span class='ocrx_word' id='word_1_178' title='bbox 1157 3017 1267 3082; x_wconf 91' lang='lat' dir='ltr'><strong>dicun·</strong></span> 
     </span>
     <span class='ocr_line' id='line_1_25' title="bbox 129 3129 1266 3216; baseline -0.002 -18"><span class='ocrx_word' id='word_1_179' title='bbox 129 3138 200 3210; x_wconf 90' lang='lat' dir='ltr'><strong>tur,</strong></span> <span class='ocrx_word' id='word_1_180' title='bbox 233 3131 414 3214; x_wconf 88' lang='lat' dir='ltr'><strong>scripturam</strong></span> <span class='ocrx_word' id='word_1_181' title='bbox 444 3130 540 3193; x_wconf 69' lang='lat' dir='ltr'><strong>coeca</strong></span> <span class='ocrx_word' id='word_1_182' title='bbox 556 3129 619 3193; x_wconf 86' lang='lat' dir='ltr'><strong>fere</strong></span> <span class='ocrx_word' id='word_1_183' title='bbox 641 3129 701 3195; x_wconf 89' lang='lat' dir='ltr'><strong>fide</strong></span> <span class='ocrx_word' id='word_1_184' title='bbox 722 3136 921 3215; x_wconf 89' lang='lat' dir='ltr'><strong>reponerent,</strong></span> <span class='ocrx_word' id='word_1_185' title='bbox 955 3131 1020 3212; x_wconf 82' lang='lat' dir='ltr'><strong>vel,</strong></span> <span class='ocrx_word' id='word_1_186' title='bbox 1050 3132 1153 3216; x_wconf 88' lang='lat' dir='ltr'><strong>pejore</strong></span> <span class='ocrx_word' id='word_1_187' title='bbox 1173 3133 1266 3196; x_wconf 88' lang='lat' dir='ltr'><strong>etiam</strong></span> 
     </span>
     <span class='ocr_line' id='line_1_26' title="bbox 130 3243 1266 3330; baseline 0.001 -19"><span class='ocrx_word' id='word_1_188' title='bbox 130 3248 258 3312; x_wconf 89' lang='lat' dir='ltr'><strong>aliorum</strong></span> <span class='ocrx_word' id='word_1_189' title='bbox 278 3246 435 3319; x_wconf 88' lang='lat' dir='ltr'><strong>instituto,</strong></span> <span class='ocrx_word' id='word_1_190' title='bbox 462 3250 561 3308; x_wconf 88' lang='lat' dir='ltr'><strong>certae</strong></span> <span class='ocrx_word' id='word_1_191' title='bbox 583 3243 703 3308; x_wconf 89' lang='lat' dir='ltr'><strong>illorum</strong></span> <span class='ocrx_word' id='word_1_192' title='bbox 727 3247 901 3311; x_wconf 85' lang='lat' dir='ltr'><strong>auctoritati</strong></span> <span class='ocrx_word' id='word_1_193' title='bbox 917 3247 1158 3330; x_wconf 88' lang='lat' dir='ltr'><strong>conjecturarum</strong></span> <span class='ocrx_word' id='word_1_194' title='bbox 1173 3248 1266 3312; x_wconf 89' lang='lat' dir='ltr'><strong>anda·</strong></span> 
     </span>
     <span class='ocr_line' id='line_1_27' title="bbox 129 3360 1265 3444; baseline -0.004 -16"><span class='ocrx_word' id='word_1_195' title='bbox 129 3365 206 3435; x_wconf 90' lang='lat' dir='ltr'><strong>ciam</strong></span> <span class='ocrx_word' id='word_1_196' title='bbox 230 3365 283 3426; x_wconf 89' lang='lat' dir='ltr'><strong>aut</strong></span> <span class='ocrx_word' id='word_1_197' title='bbox 306 3361 407 3425; x_wconf 88' lang='lat' dir='ltr'><strong>minus</strong></span> <span class='ocrx_word' id='word_1_198' title='bbox 430 3365 607 3424; x_wconf 84' lang='lat' dir='ltr'><strong>testatarnm</strong></span> <span class='ocrx_word' id='word_1_199' title='bbox 629 3360 794 3425; x_wconf 88' lang='lat' dir='ltr'><strong>lectionum</strong></span> <span class='ocrx_word' id='word_1_200' title='bbox 817 3360 970 3426; x_wconf 86' lang='lat' dir='ltr'><strong>levitatem</strong></span> <span class='ocrx_word' id='word_1_201' title='bbox 1000 3364 1113 3425; x_wconf 90' lang='lat' dir='ltr'><strong>temere</strong></span> <span class='ocrx_word' id='word_1_202' title='bbox 1135 3362 1265 3444; x_wconf 85' lang='lat' dir='ltr'><strong>praefer·</strong></span> 
     </span>
     <span class='ocr_line' id='line_1_28' title="bbox 128 3473 1266 3561; baseline -0.003 -18"><span class='ocrx_word' id='word_1_203' title='bbox 128 3484 206 3544; x_wconf 89' lang='lat' dir='ltr'><strong>rent.</strong></span> <span class='ocrx_word' id='word_1_204' title='bbox 253 3477 304 3541; x_wconf 78' lang='lat' dir='ltr'><strong>Sic</strong></span> <span class='ocrx_word' id='word_1_205' title='bbox 325 3474 426 3559; x_wconf 88' lang='lat' dir='ltr'><strong>plnres</strong></span> <span class='ocrx_word' id='word_1_206' title='bbox 449 3473 564 3537; x_wconf 88' lang='lat' dir='ltr'><strong>laudari</strong></span> <span class='ocrx_word' id='word_1_207' title='bbox 585 3481 716 3557; x_wconf 88' lang='lat' dir='ltr'><strong>possunt</strong></span> <span class='ocrx_word' id='word_1_208' title='bbox 737 3473 809 3551; x_wconf 90' lang='lat' dir='ltr'><strong>loci,</strong></span> <span class='ocrx_word' id='word_1_209' title='bbox 826 3473 879 3538; x_wconf 92' lang='lat' dir='ltr'><strong>ubi</strong></span> <span class='ocrx_word' id='word_1_210' title='bbox 895 3476 933 3539; x_wconf 93' lang='lat' dir='ltr'><strong>de</strong></span> <span class='ocrx_word' id='word_1_211' title='bbox 948 3477 1128 3541; x_wconf 88' lang='lat' dir='ltr'><strong>variantium</strong></span> <span class='ocrx_word' id='word_1_212' title='bbox 1144 3477 1266 3561; x_wconf 89' lang='lat' dir='ltr'><strong>origine</strong></span> 
     </span>
     <span class='ocr_line' id='line_1_29' title="bbox 128 3586 1265 3675; baseline -0.002 -18"><span class='ocrx_word' id='word_1_213' title='bbox 128 3615 165 3657; x_wconf 89' lang='lat' dir='ltr'><strong>ac</strong></span> <span class='ocrx_word' id='word_1_214' title='bbox 188 3592 305 3657; x_wconf 90' lang='lat' dir='ltr'><strong>ratione</strong></span> <span class='ocrx_word' id='word_1_215' title='bbox 328 3594 415 3653; x_wconf 89' lang='lat' dir='ltr'><strong>acute</strong></span> <span class='ocrx_word' id='word_1_216' title='bbox 439 3590 561 3652; x_wconf 91' lang='lat' dir='ltr'><strong>omnino</strong></span> <span class='ocrx_word' id='word_1_217' title='bbox 585 3594 616 3653; x_wconf 91' lang='lat' dir='ltr'><strong>et</strong></span> <span class='ocrx_word' id='word_1_218' title='bbox 638 3586 834 3672; x_wconf 87' lang='lat' dir='ltr'><strong>probabiliter</strong></span> <span class='ocrx_word' id='word_1_219' title='bbox 856 3590 1029 3675; x_wconf 89' lang='lat' dir='ltr'><strong>disputent,</strong></span> <span class='ocrx_word' id='word_1_220' title='bbox 1055 3612 1111 3654; x_wconf 88' lang='lat' dir='ltr'><strong>nec</strong></span> <span class='ocrx_word' id='word_1_221' title='bbox 1133 3591 1265 3672; x_wconf 87' lang='lat' dir='ltr'><strong>aliorum</strong></span> 
     </span>
     <span class='ocr_line' id='line_1_30' title="bbox 128 3701 1266 3795; baseline 0.003 -26"><span class='ocrx_word' id='word_1_222' title='bbox 128 3705 297 3790; x_wconf 90' lang='lat' dir='ltr'><strong>injudicio</strong></span> <span class='ocrx_word' id='word_1_223' title='bbox 320 3726 352 3767; x_wconf 90' lang='lat' dir='ltr'><strong>se</strong></span> <span class='ocrx_word' id='word_1_224' title='bbox 375 3724 481 3773; x_wconf 88' lang='lat' dir='ltr'><strong>secure</strong></span> <span class='ocrx_word' id='word_1_225' title='bbox 512 3701 697 3787; x_wconf 90' lang='lat' dir='ltr'><strong>acquievisse</strong></span> <span class='ocrx_word' id='word_1_226' title='bbox 727 3701 898 3769; x_wconf 90' lang='lat' dir='ltr'><strong>luculenter</strong></span> <span class='ocrx_word' id='word_1_227' title='bbox 928 3705 1146 3771; x_wconf 87' lang='lat' dir='ltr'><strong>demonstrent.</strong></span> <span class='ocrx_word' id='word_1_228' title='bbox 1195 3707 1266 3795; x_wconf 87' lang='lat' dir='ltr'><strong>Nec</strong></span> 
     </span>
    </p>
   </div>
   <div class='ocr_carea' id='block_1_3' title="bbox 126 3803 1266 4479">
    <p class='ocr_par' dir='ltr' id='par_1_5' title="bbox 126 3803 1266 4479">
     <span class='ocr_line' id='line_1_31' title="bbox 126 3803 1266 3908; baseline 0.004 -24"><span class='ocrx_word' id='word_1_229' title='bbox 126 3841 281 3903; x_wconf 90' lang='lat' dir='ltr'><strong>nunqnam</strong></span> <span class='ocrx_word' id='word_1_230' title='bbox 296 3823 397 3883; x_wconf 89' lang='lat' dir='ltr'><strong>tamen</strong></span> <span class='ocrx_word' id='word_1_231' title='bbox 412 3818 512 3903; x_wconf 86' lang='lat' dir='ltr'><strong>paullo</strong></span> <span class='ocrx_word' id='word_1_232' title='bbox 528 3803 640 3894; x_wconf 80' lang='lat' dir='ltr'><strong>leviore</strong></span> <span class='ocrx_word' id='word_1_233' title='bbox 664 3824 755 3903; x_wconf 77' lang='lat' dir='ltr'><strong>opert</strong></span> <span class='ocrx_word' id='word_1_234' title='bbox 770 3820 977 3904; x_wconf 85' lang='lat' dir='ltr'><strong>gravissimam</strong></span> <span class='ocrx_word' id='word_1_235' title='bbox 994 3820 1070 3886; x_wconf 89' lang='lat' dir='ltr'><strong>hanc</strong></span> <span class='ocrx_word' id='word_1_236' title='bbox 1085 3842 1148 3885; x_wconf 91' lang='lat' dir='ltr'><strong>rem</strong></span> <span class='ocrx_word' id='word_1_237' title='bbox 1164 3824 1266 3908; x_wconf 86' lang='lat' dir='ltr'><strong>egisse</strong></span> 
     </span>
     <span class='ocr_line' id='line_1_32' title="bbox 127 3931 1263 4016; baseline 0.003 -17"><span class='ocrx_word' id='word_1_238' title='bbox 127 3935 280 4008; x_wconf 90' lang='lat' dir='ltr'><strong>videntur,</strong></span> <span class='ocrx_word' id='word_1_239' title='bbox 307 3938 397 4016; x_wconf 87' lang='lat' dir='ltr'><strong>utque</strong></span> <span class='ocrx_word' id='word_1_240' title='bbox 420 3931 492 3997; x_wconf 86' lang='lat' dir='ltr'><strong>alibi</strong></span> <span class='ocrx_word' id='word_1_241' title='bbox 512 3934 596 4016; x_wconf 76' lang='lat' dir='ltr'><strong>Justo</strong></span> <span class='ocrx_word' id='word_1_242' title='bbox 620 3934 821 3998; x_wconf 89' lang='lat' dir='ltr'><strong>confidentius</strong></span> <span class='ocrx_word' id='word_1_243' title='bbox 844 3936 1022 4000; x_wconf 88' lang='lat' dir='ltr'><strong>sententiam</strong></span> <span class='ocrx_word' id='word_1_244' title='bbox 1044 3936 1162 4016; x_wconf 88' lang='lat' dir='ltr'><strong>tulisse,</strong></span> <span class='ocrx_word' id='word_1_245' title='bbox 1189 3937 1263 4002; x_wconf 90' lang='lat' dir='ltr'><strong>alibi</strong></span> 
     </span>
     <span class='ocr_line' id='line_1_33' title="bbox 126 4046 1262 4137; baseline 0.003 -24"><span class='ocrx_word' id='word_1_246' title='bbox 126 4071 202 4134; x_wconf 91' lang='lat' dir='ltr'><strong>qnae</strong></span> <span class='ocrx_word' id='word_1_247' title='bbox 217 4047 350 4111; x_wconf 87' lang='lat' dir='ltr'><strong>instituti</strong></span> <span class='ocrx_word' id='word_1_248' title='bbox 365 4047 442 4110; x_wconf 89' lang='lat' dir='ltr'><strong>ratio</strong></span> <span class='ocrx_word' id='word_1_249' title='bbox 466 4046 638 4130; x_wconf 86' lang='lat' dir='ltr'><strong>requirebat</strong></span> <span class='ocrx_word' id='word_1_250' title='bbox 661 4069 782 4112; x_wconf 88' lang='lat' dir='ltr'><strong>monere</strong></span> <span class='ocrx_word' id='word_1_251' title='bbox 805 4050 983 4134; x_wconf 85' lang='lat' dir='ltr'><strong>neglexisse.</strong></span> <span class='ocrx_word' id='word_1_252' title='bbox 1006 4052 1053 4115; x_wconf 87' lang='lat' dir='ltr'><strong>Ac</strong></span> <span class='ocrx_word' id='word_1_253' title='bbox 1068 4051 1156 4114; x_wconf 88' lang='lat' dir='ltr'><strong>velim</strong></span> <span class='ocrx_word' id='word_1_254' title='bbox 1176 4053 1262 4137; x_wconf 89' lang='lat' dir='ltr'><strong>eqni·</strong></span> 
     </span>
     <span class='ocr_line' id='line_1_34' title="bbox 126 4160 1258 4249; baseline 0.002 -20"><span class='ocrx_word' id='word_1_255' title='bbox 126 4167 193 4230; x_wconf 91' lang='lat' dir='ltr'><strong>dem</strong></span> <span class='ocrx_word' id='word_1_256' title='bbox 206 4163 264 4249; x_wconf 92' lang='lat' dir='ltr'><strong>ipsi</strong></span> <span class='ocrx_word' id='word_1_257' title='bbox 275 4162 408 4241; x_wconf 90' lang='lat' dir='ltr'><strong>videant,</strong></span> <span class='ocrx_word' id='word_1_258' title='bbox 422 4182 550 4245; x_wconf 89' lang='lat' dir='ltr'><strong>quorum</strong></span> <span class='ocrx_word' id='word_1_259' title='bbox 559 4160 677 4245; x_wconf 90' lang='lat' dir='ltr'><strong>jndicio</strong></span> <span class='ocrx_word' id='word_1_260' title='bbox 688 4161 851 4249; x_wconf 92' lang='lat' dir='ltr'><strong>plurimum</strong></span> <span class='ocrx_word' id='word_1_261' title='bbox 864 4163 978 4245; x_wconf 88' lang='lat' dir='ltr'><strong>tribuo,</strong></span> <span class='ocrx_word' id='word_1_262' title='bbox 998 4165 1066 4229; x_wconf 88' lang='lat' dir='ltr'><strong>Viri</strong></span> <span class='ocrx_word' id='word_1_263' title='bbox 1079 4168 1258 4248; x_wconf 87' lang='lat' dir='ltr'><strong>acutissimi,</strong></span> 
     </span>
     <span class='ocr_line' id='line_1_35' title="bbox 127 4278 1262 4366; baseline 0.001 -21"><span class='ocrx_word' id='word_1_264' title='bbox 127 4302 227 4345; x_wconf 90' lang='lat' dir='ltr'><strong>nonne</strong></span> <span class='ocrx_word' id='word_1_265' title='bbox 254 4299 373 4353; x_wconf 91' lang='lat' dir='ltr'><strong>eornm,</strong></span> <span class='ocrx_word' id='word_1_266' title='bbox 399 4298 474 4362; x_wconf 89' lang='lat' dir='ltr'><strong>qnos</strong></span> <span class='ocrx_word' id='word_1_267' title='bbox 497 4278 702 4363; x_wconf 84' lang='lat' dir='ltr'><strong>attingemus,</strong></span> <span class='ocrx_word' id='word_1_268' title='bbox 736 4278 870 4343; x_wconf 90' lang='lat' dir='ltr'><strong>locorum</strong></span> <span class='ocrx_word' id='word_1_269' title='bbox 904 4300 982 4343; x_wconf 90' lang='lat' dir='ltr'><strong>unus</strong></span> <span class='ocrx_word' id='word_1_270' title='bbox 1012 4287 1094 4345; x_wconf 89' lang='lat' dir='ltr'><strong>certe</strong></span> <span class='ocrx_word' id='word_1_271' title='bbox 1124 4281 1262 4366; x_wconf 89' lang='lat' dir='ltr'><strong>alterque</strong></span> 
     </span>
     <span class='ocr_line' id='line_1_36' title="bbox 126 4381 915 4479; baseline -0.006 -19"><span class='ocrx_word' id='word_1_272' title='bbox 126 4397 195 4461; x_wconf 78' lang='lat' dir='ltr'><strong>dett</strong></span> <span class='ocrx_word' id='word_1_273' title='bbox 219 4393 441 4479; x_wconf 89' lang='lat' dir='ltr'><strong>opportunitate</strong></span> <span class='ocrx_word' id='word_1_274' title='bbox 464 4393 670 4474; x_wconf 89' lang='lat' dir='ltr'><strong>retractandus</strong></span> <span class='ocrx_word' id='word_1_275' title='bbox 692 4395 743 4457; x_wconf 88' lang='lat' dir='ltr'><strong>sit.</strong></span> <span class='ocrx_word' id='word_1_276' title='bbox 913 4381 915 4386; x_wconf 41' lang='lat'><strong>⁴</strong></span> 
     </span>
    </p>
   </div>
   <div class='ocr_carea' id='block_1_4' title="bbox 0 0 1396 4958">
    <p class='ocr_par' dir='ltr' id='par_1_6' title="bbox 0 0 1396 4958">
     <span class='ocr_line' id='line_1_37' title="bbox 0 0 1396 4958; baseline 0 3"><span class='ocrx_word' id='word_1_277' title='bbox 0 0 1396 4958; x_wconf 95' lang='lat' dir='ltr'><strong> </strong></span> 
     </span>
    </p>
   </div>
  </div>
 </body>
</html>
