2782 4958
213 359 275 422 lit
702 377 858 422 aranonou

210 543 384 630 singulatim
407 544 443 610 de
465 566 501 609 co
524 566 709 627 moneamus,
734 546 814 629 quod
844 546 979 610 omnium
1004 565 1153 610 consensu
1183 546 1336 633 principem

210 662 243 725 in
266 662 304 724 iis
325 659 426 725 locum
460 661 590 737 obtinet,
622 660 847 744 Proteuanpetio
877 660 994 727 Jaaati.
1041 661 1208 747 Cognitum
1235 661 1335 746 idjam

210 773 349 840 habuisse
372 777 539 860 Oripenern,
563 782 632 861 post
654 775 728 840 alios
750 774 946 861 probabiliter
968 780 1072 839 monet
1093 775 1202 839 Editor
1216 776 1277 861 (l).
1304 776 1334 839 lc

209 909 291 953 nunc
314 889 436 955 Jnatini
457 891 547 955 etiam
570 891 723 976 Martyris
745 891 861 954 dictum
883 892 980 970 affert,
1006 889 1151 954 undeno
1174 888 1259 954 hunc
1279 890 1335 971 qni·

209 1004 276 1068 (lem
300 1005 331 1069 id
363 1007 517 1091 ignorasse
546 1009 664 1070 constet
694 1009 747 1070 aut
776 1005 853 1069 effici
882 1008 962 1068 certe
989 1004 1092 1088 possit.
1142 1004 1203 1069 Sed
1227 1003 1334 1067 biennio

209 1125 278 1184 ante
312 1140 372 1184 non
406 1120 520 1206 injurit
553 1120 672 1184 datiani
705 1117 762 1183 hoc
799 1119 899 1204 ipsum
933 1123 1089 1183 censuerat
1122 1118 1332 1198 testimoniam,

209 1232 367 1316 »qnoniam
394 1233 471 1317 qaod
500 1237 536 1300 in
561 1233 710 1318 σπηλαίῳ
742 1237 810 1301 τινὶ
834 1236 990 1316 συνεγγύς
1014 1239 1072 1315 τῆς
1098 1236 1212 1318 κώμης
1246 1230 1333 1295 Jettm

215 1355 335 1411 anatnm
358 1369 418 1410 eoae
435 1346 522 1425 dreit,
547 1368 583 1410 aa
605 1347 769 1411 traditione
791 1347 897 1411 tabere
916 1351 1047 1427 poterat,
1085 1368 1173 1430 wan
1195 1352 1228 1410 et
1252 1346 1333 1424 ipean

214 1460 487 1543 »Protenanpatinm
503 1459 601 1545 (capp.
619 1462 673 1537 18,
690 1461 744 1542 19)
766 1467 894 1525 aeantnrn
906 1458 1025 1525 uidetur
1035 1458 1124 1546 (2).''
1140 1494 1181 1508 -··
1194 1461 1256 1525 Nec
1276 1481 1334 1524 vero

209 1573 352 1657 majorem
374 1574 437 1637 vim
459 1572 566 1638 habere
588 1575 664 1638 mihi
686 1572 807 1639 videtur
835 1574 995 1640 Otenentia
1022 1575 1243 1652 Alexandrini,
1267 1575 1335 1659 qnol

209 1692 338 1770 utroque
361 1687 427 1751 loco
450 1691 547 1767 affert,
572 1689 700 1754 dictum.
749 1689 802 1753 llic
824 1689 905 1753 enim
928 1710 1004 1772 quac
1026 1689 1063 1753 dc
1085 1689 1177 1754 narie
1199 1693 1335 1774 postpnr·

209 1807 275 1867 tum
298 1801 335 1866 ab
359 1801 524 1868 obstetrice
546 1804 680 1887 inspectt
702 1808 802 1869 narrat
824 1825 858 1868 ac
879 1804 997 1888 airpine
1025 1803 1124 1870 adbuc
1147 1803 1334 1890 deprehensi,

210 1917 316 1999 quidni
339 1938 376 1981 ex
399 1917 503 1982 etalem
539 1917 658 1982 haurire
689 1920 791 2003 potnit
819 1918 1003 1985 traditione?
1050 1921 1151 1996 Quum
1172 1921 1336 2005 praesertim

209 2055 269 2096 non
283 2034 385 2098 naiton
405 2053 477 2110 eoae,
503 2033 604 2116 quiid
617 2033 799 2112 perhibeant
817 2035 912 2119 (φασί
928 2035 1027 2118 τινες)
1042 2035 1236 2100 testificetur.
1261 2034 1336 2110 Quod

209 2147 247 2211 ad
261 2151 384 2234 fontana
406 2148 519 2232 potius,
544 2147 660 2212 incerto
682 2169 810 2231 sparsam
832 2153 967 2228 auctore,
991 2169 1081 2231 quam
1103 2148 1141 2212 ad
1164 2149 1241 2212 certi
1262 2148 1336 2212 testis

210 2260 300 2324 fidem
322 2260 438 2336 referri,
456 2261 524 2343 quis
539 2281 613 2335 non,
630 2282 709 2323 ame
724 2261 870 2342 monitus,
890 2261 1053 2345 perspicit‘.l
1076 2263 1335 2327 Prudentissimum

211 2375 306 2461 igitur
329 2375 379 2439 hta
411 2380 457 2439 est
478 2375 660 2439 laudandum
683 2374 867 2439 Tbilcnis
896 2378 944 2462 (3)
973 2377 1137 2462 judicium,
1166 2400 1243 2462 quas
1263 2377 1337 2443 fabu-

212 2492 254 2556 las
276 2498 307 2556 et
328 2492 470 2557 diratinaa
495 2496 595 2555 narrat
616 2496 648 2555 et
669 2492 813 2567 Clemens,
838 2512 887 2555 eas
909 2490 957 2556 vel
980 2515 1015 2556 ea
1041 2493 1208 2559 traditione
1227 2492 1336 2558 haurire

210 2607 342 2690 potuisse
365 2612 526 2689 utrumque
549 2603 597 2670 vcl
619 2606 683 2670 otia
706 2627 744 2670 ao
768 2606 844 2671 libro
867 2605 1014 2670 docentis.

257 2834 396 2899 Secundo
418 2854 457 2898 ex
478 2833 581 2899 seculo
615 2855 711 2918 eoque
741 2835 839 2899 medio
868 2835 930 2900 lere
952 2836 1149 2922 repetendum
1175 2857 1241 2900 csse
1262 2839 1338 2902 Prot

211 2947 415 3034 euangelium,
441 2949 578 3034 Hapanat
596 2951 630 3014 in
664 2951 915 3015 commentatione
938 2951 1026 3015 docte
1046 2950 1189 3036 probtrat
1208 2956 1242 3016 et
1263 2970 1340 3015 nunc

211 3063 320 3127 iterum
337 3069 441 3128 monet
459 3062 797 3129 Tischcndorfius.
828 3067 936 3129 Verum
952 3064 1056 3130 etdem
1075 3065 1340 3148 Prolepoorenoran

210 3177 323 3263 pagini
345 3176 421 3242 duae
443 3177 579 3263 proditae
602 3183 718 3244 exstant
740 3180 916 3257 sententiae,
949 3201 1035 3263 quas,
1066 3176 1120 3243 ubi
1147 3179 1282 3264 primum
1302 3178 1341 3243 le·

211 3312 325 3378 geram,
344 3289 432 3374 plane
451 3291 611 3356 conciliare
631 3313 692 3358 non
711 3314 837 3377 possem.
862 3295 973 3357 Altera
988 3292 1082 3370 enim,
1101 3294 1137 3356 et
1153 3292 1222 3377 ipsa
1237 3296 1341 3367 aetate

210 3406 419 3472 Ebionitnrana
441 3415 471 3471 et
493 3407 715 3472 Nazaraeornna
737 3407 918 3491 aliorumque
944 3406 1155 3472 haereticoram
1177 3406 1342 3486 opinionem

125 3559 132 3565 -
211 3520 371 3585 adtinuisse
392 3525 472 3585 recte
493 3520 600 3585 statuit
621 3520 658 3583 de
679 3519 754 3584 Jeen
775 3542 843 3585 nera
863 3519 990 3599 Jaaepdi
1011 3526 1042 3585 et
1064 3519 1190 3586 Mariae
1203 3521 1291 3606 fitia,
1313 3522 1343 3583 et

208 3693 363 3702 ——a—--q

245 3809 279 3870 (1)
299 3805 412 3872 Prolepy.
431 3819 457 3870 p.
477 3803 531 3855 XII
549 3820 588 3869 sq,

242 3899 285 3962 (2)
303 3897 446 3950 Commeat.
464 3897 530 3962 Hag.
548 3898 577 3947 de
598 3896 714 3964 Enanpp.
733 3914 814 3963 apocr.
837 3898 927 3964 criptae
945 3905 967 3947 et
987 3913 1049 3958 asu,
1068 3911 1094 3962 p.
1114 3904 1158 3948 33.
1188 3901 1242 3952 Ubi
1259 3909 1341 3952 tamon

210 3992 306 4056 aliquid
324 3991 419 4054 adjicit,
439 4006 490 4056 quo
507 4005 560 4042 non
577 4006 678 4042 omnem
696 3991 771 4056 plane
788 3993 847 4041 haic
865 3993 1010 4042 testimonio
1029 3993 1080 4042 vim
1098 3991 1246 4050 abiudicarc
1264 3994 1341 4043 rideri

210 4086 295 4149 possit.
312 4111 344 4122 -
362 4082 457 4134 Jaetint
475 4083 516 4134 M.
537 4086 608 4136 locus
626 4093 708 4135 exstat
732 4086 756 4136 in
776 4085 833 4135 diat.
853 4093 935 4134 cotnra
957 4083 1048 4150 Trypt.
1068 4083 1132 4150 Cap.
1153 4089 1200 4144 78;
1223 4085 1340 4137 Olarnentir

209 4178 282 4228 Alea.
298 4180 407 4240 dictum,
425 4181 455 4229 de
473 4192 525 4244 quo
542 4193 621 4240 mox,
639 4177 726 4228 Siron.
744 4179 774 4227 L.
792 4179 846 4229 Vll
865 4187 959 4236 exstat,
979 4179 1019 4227 ed.
1039 4178 1123 4227 Pott.
1145 4195 1169 4242 p.
1189 4184 1248 4228 889.

243 4276 281 4333 (3)
300 4272 416 4338 Prolapp.
436 4289 460 4337 p,
479 4273 563 4323 XLV.
593 4273 688 4324 Etdem
701 4276 842 4338 praeiverat
861 4274 995 4337 prudentii
1012 4273 1199 4335 Fabricius,
1217 4275 1271 4337 qni,
1286 4269 1339 4322 aaa.

208 4382 289 4430 apocr.
308 4365 345 4415 N.
365 4364 395 4415 Τ.
415 4367 436 4415 I.
455 4382 481 4430 p.
502 4372 545 4424 41,
564 4366 674 4431 (triponis
701 4367 803 4430 quidem
823 4369 981 4431 aliorumque
999 4368 1066 4417 dicta
1083 4366 1171 4426 refert,
1191 4381 1241 4418 nco
1258 4375 1338 4416 tamen

208 4457 303 4509 Jnsrini
317 4465 362 4508 aut
381 4456 503 4509 Clementis
520 4459 563 4509 At.
579 4460 637 4511 facit
656 4461 821 4511 mentionem.
