2782 4958
131 335 172 396 84
617 357 769 400 nanoarro

129 520 216 608 Jobi,
244 521 412 610 omnibus,
443 544 528 620 quae
553 520 731 610 habuerat,
758 521 852 593 bonis
881 519 1086 605 defraudati,
1109 519 1250 617 pietatem

130 644 320 717 Christianis
337 644 368 716 in
395 650 534 742 utraque
550 643 680 716 fortuna
702 644 919 730 versantibus,
943 670 1010 742 quo
1032 642 1137 740 magis
1157 644 1251 715 Deum

128 765 311 851 celebrent,
334 765 520 839 imitandam
544 766 758 841 commendat.
803 771 857 840 Sic
886 769 971 840 enim
996 767 1175 839 animatum
1192 789 1253 837 esse

128 889 298 963 Oratorem
326 904 478 988 apparet,
507 916 570 962 non
598 891 700 986 magis
725 890 888 977 dolenter,
912 915 1011 989 quam
1036 889 1197 963 submisse
1214 887 1253 960 di·

128 1025 273 1100 centem,
293 1026 330 1085 ut
351 1012 521 1111 antiquum
540 1012 630 1085 illum
650 1013 779 1086 virtutis
796 1015 1011 1099 Praeconem,
1033 1014 1130 1110 cujus
1152 1037 1250 1085 vocem

126 1133 237 1206 laudat
262 1148 296 1207 et
319 1133 459 1207 illustrat
479 1134 724 1222 admirabilem,
750 1139 835 1234 qua:
862 1136 1006 1207 »debono
1024 1133 1189 1220 macas?
1212 1134 1249 1206 in·

128 1258 217 1358 quit,
241 1258 387 1331 »debono
410 1258 494 1329 idem
519 1258 664 1347 abstulit,
691 1259 827 1331 debcoae
852 1259 1021 1330 celebretur
1041 1285 1152 1330 nomen
1174 1259 1228 1354 (l).

174 1380 249 1468 Ubi,
273 1381 397 1480 aliquot
421 1393 493 1477 post
519 1381 628 1469 annis,
658 1407 700 1454 ne
727 1381 801 1453 filiis
826 1381 936 1453 matris
965 1406 1066 1454 curae
1093 1381 1246 1466 deessent,

126 1504 227 1577 altera
247 1503 309 1575 sibi
332 1518 406 1576 vota
431 1504 653 1578 contrahenda
670 1504 835 1593 duxerat,
851 1529 936 1602 quae
950 1503 1147 1577 faustissima
1162 1519 1244 1602 atque

125 1627 364 1725 exoptatissima
391 1629 505 1725 stipsi
534 1629 680 1716 luerunt,
708 1643 740 1701 et
762 1629 815 1717 iis,
840 1654 925 1726 quos
945 1628 1026 1716 dixi,
1053 1608 1141 1715 filiis,
1167 1628 1241 1700 eccs!

126 1774 246 1822 novum
269 1750 298 1822 ei
314 1749 436 1824 luctum
462 1753 561 1850 parit,
581 1753 735 1826 acerbum
760 1754 850 1826 illum
875 1769 907 1827 et
929 1753 1135 1842 diuturnum,
1150 1756 1239 1839 trium,

126 1898 211 1972 quos
243 1872 397 1972 deinceps
425 1876 521 1948 Pater
549 1876 681 1963 extulit,
715 1877 907 1950 tenellorum
939 1877 1111 1949 infantium
1141 1876 1239 1949 obitus.

126 1996 256 2083 Quibus
278 1998 400 2071 lactum
427 2011 476 2070 est
501 1999 682 2088 funeribus,
706 2014 752 2088 ut,
773 2025 859 2099 quae
885 2015 1031 2099 tempore
1052 1999 1241 2073 consanuisse

124 2120 330 2207 videbantur,
342 2121 458 2193 misere
470 2120 736 2213 recrudescerent
749 2123 848 2194 virilis
858 2123 956 2194 animi
970 2122 1115 2196 vulnera.
1137 2125 1240 2196 Verum

125 2243 326 2316 nuncetiam
345 2267 504 2340 generoso
531 2268 591 2315 nos
614 2243 726 2317 docuit
752 2244 910 2342 exemplo,
930 2250 995 2344 qud
1013 2243 1164 2318 dolorum
1177 2242 1242 2316 tola-

125 2365 230 2440 rantia
253 2365 347 2437 duros
371 2367 494 2437 vincere
520 2366 638 2465 possit,
664 2369 734 2439 Deo
761 2367 953 2456 auxiliante,
983 2367 1169 2467 debeatque
1187 2391 1243 2438 con

123 2505 211 2562 stans
229 2489 386 2588 patientia
405 2515 503 2561 casus.
533 2533 574 2543 —-
600 2489 711 2589 Atque
737 2491 889 2580 eandem,
918 2491 989 2563 aliis
1014 2489 1243 2591 quibusquein

126 2615 225 2688 rebus
243 2613 368 2700 arduis,
389 2614 531 2686 servavit
559 2613 691 2700 mentis,
717 2615 856 2710 agitatae
881 2613 1012 2713 quidem
1043 2639 1105 2687 nec
1129 2627 1244 2686 contur-

126 2737 222 2809 batae
246 2750 364 2821 tamen,
386 2737 593 2835 aequitatem.
646 2735 820 2808 Postremis
840 2737 924 2809 enim
947 2736 1036 2809 bisce
1057 2737 1152 2810 annis
1165 2737 1243 2810 binos

127 2859 280 2957 deinceps
306 2858 421 2932 iratres
445 2859 526 2931 luxit
547 2858 789 2946 dilectissimos,
822 2858 974 2947 florente,
999 2874 1091 2934 certe
1107 2860 1160 2932 vix
1178 2859 1242 2933 dun

126 2986 159 3056 in
183 2997 383 3056 senectutem
408 2982 559 3055 inclinata
577 2995 701 3068 aetate,
725 2982 825 3056 rebus
845 2982 996 3055 humanis
1020 2997 1168 3082 ereptos,
1188 2997 1244 3059 tun

126 3108 254 3181 unicam
281 3131 419 3205 eamque
441 3105 637 3177 carissimam
663 3129 827 3189 sororem,
853 3106 1040 3178 saevissimo
1065 3107 1181 3181 morbo
1201 3105 1245 3178 diu

126 3234 303 3305 cruciatam
335 3255 373 3301 ac
407 3228 535 3301 tandem
573 3229 756 3301 absumtam
793 3229 854 3326 (2).
886 3272 927 3283 -
962 3231 1084 3326 Magna
1115 3231 1244 3313 Patriae,

127 3359 249 3454 majore
282 3356 395 3442 etiarn,
430 3365 466 3425 ut
493 3377 552 3450 par
581 3365 668 3439 erat,
699 3351 819 3424 Christi
849 3352 1016 3425 Ecclesiae
1041 3353 1178 3427 caritate
1195 3353 1245 3425 du·

128 3479 274 3552 uebatur.
326 3479 400 3562 Quo
423 3475 523 3572 igitur
543 3474 691 3547 tristitiae
714 3501 812 3548 sensu
833 3488 1032 3548 commotum
1058 3475 1161 3550 luisse
1183 3498 1244 3550 eum

129 3600 319 3699 putabimus
354 3612 386 3671 et
423 3597 555 3697 quantis
587 3597 744 3691 agitatum
780 3598 883 3687 curis,
922 3597 1051 3697 quoties
1090 3600 1143 3672 vel
1175 3600 1246 3673 banc

128 3722 181 3796 vel
201 3722 286 3793 illam
316 3720 366 3793 vel
391 3734 563 3817 utramque
593 3718 688 3791 simul
714 3719 856 3818 graviter
881 3720 1081 3795 laborantem
1114 3721 1244 3806 videbat,

120 3951 277 3963 ...α-

168 4095 214 4164 (1)
234 4093 301 4148 viu.
322 4094 360 4148 Η.
382 4093 413 4148 J.
433 4094 482 4161 R.,
503 4093 779 4162 annqoliemoorden,
794 4095 881 4147 vomat
899 4111 959 4148 ooor
977 4095 1083 4164 lsj'dcude
1104 4096 1244 4159 curtenai,

130 4212 159 4266 p.
181 4200 216 4248 25
237 4211 297 4268 sqq.
337 4193 380 4248 De
399 4193 509 4248 habitae
529 4192 602 4247 enim
622 4192 762 4247 concionis
783 4201 908 4265 ternpore
927 4210 963 4248 ex
982 4195 1175 4265 annotatione,
1198 4193 1245 4267 ejus

131 4293 303 4365 inscriptioni
324 4293 442 4366 adjecta,
464 4293 544 4348 nobis
564 4293 701 4348 constitit.

168 4393 216 4464 (2)
237 4393 279 4447 De
299 4393 342 4461 iis,
364 4410 432 4464 quas
451 4393 495 4447 hic
515 4391 675 4447 brevissime
695 4392 858 4462 attigimus,
880 4391 1085 4449 calamitatibus
1104 4384 1246 4448 domestici!

131 4495 211 4568 plura
229 4494 306 4550 vidd.
328 4496 402 4568 apud
423 4491 597 4558 Kistium,
619 4513 647 4567 p.
671 4499 723 4548 426
745 4512 787 4565 sq.
811 4501 839 4549 et
858 4512 888 4566 p·
912 4499 965 4548 445
986 4510 1030 4565 sq.
