<?xml version="1.0" encoding="UTF-8"?>
<!DOCTYPE html PUBLIC "-//W3C//DTD XHTML 1.0 Transitional//EN"
    "http://www.w3.org/TR/xhtml1/DTD/xhtml1-transitional.dtd">
<html xmlns="http://www.w3.org/1999/xhtml" xml:lang="en" lang="en">
 <head>
  <title>
</title>
<meta http-equiv="Content-Type" content="text/html;charset=utf-8" />
  <meta name='ocr-system' content='tesseract 3.04.00' />
  <meta name='ocr-capabilities' content='ocr_page ocr_carea ocr_par ocr_line ocrx_word'/>
</head>
<body>
  <div class='ocr_page' id='page_1' title='image "./chartaetheologi00boumgoog_0051.png"; bbox 0 0 2782 4958; ppageno 0'>
   <div class='ocr_carea' id='block_1_1' title="bbox 146 331 787 392">
    <p class='ocr_par' dir='ltr' id='par_1_1' title="bbox 146 331 787 392">
     <span class='ocr_line' id='line_1_1' title="bbox 146 331 787 392; baseline -0.002 -1"><span class='ocrx_word' id='word_1_1' title='bbox 146 331 190 392; x_wconf 72' lang='lat' dir='ltr'><strong>sl</strong></span> <span class='ocrx_word' id='word_1_2' title='bbox 630 346 787 391; x_wconf 75' lang='lat' dir='ltr'><strong>nonnosum</strong></span> 
     </span>
    </p>
   </div>
   <div class='ocr_carea' id='block_1_2' title="bbox 93 511 1284 1742">
    <p class='ocr_par' dir='ltr' id='par_1_2' title="bbox 93 511 1284 1742">
     <span class='ocr_line' id='line_1_2' title="bbox 144 511 1275 600; baseline 0.005 -23"><span class='ocrx_word' id='word_1_3' title='bbox 144 513 357 598; x_wconf 67' lang='lat' dir='ltr'><strong>sapientissimi</strong></span> <span class='ocrx_word' id='word_1_4' title='bbox 373 512 468 599; x_wconf 80' lang='lat' dir='ltr'><strong>Regis</strong></span> <span class='ocrx_word' id='word_1_5' title='bbox 484 511 593 577; x_wconf 89' lang='lat' dir='ltr'><strong>honori</strong></span> <span class='ocrx_word' id='word_1_6' title='bbox 608 515 778 598; x_wconf 81' lang='lat' dir='ltr'><strong>prospicere</strong></span> <span class='ocrx_word' id='word_1_7' title='bbox 792 514 943 578; x_wconf 87' lang='lat' dir='ltr'><strong>volentem</strong></span> <span class='ocrx_word' id='word_1_8' title='bbox 954 515 1187 600; x_wconf 81' lang='lat' dir='ltr'><strong>Explicatorem.</strong></span> <span class='ocrx_word' id='word_1_9' title='bbox 1211 518 1275 585; x_wconf 87' lang='lat' dir='ltr'><strong>Nea</strong></span> 
     </span>
     <span class='ocr_line' id='line_1_3' title="bbox 144 628 1277 713; baseline 0.006 -23"><span class='ocrx_word' id='word_1_10' title='bbox 144 632 245 691; x_wconf 89' lang='lat' dir='ltr'><strong>tamen</strong></span> <span class='ocrx_word' id='word_1_11' title='bbox 272 628 406 712; x_wconf 79' lang='lat' dir='ltr'><strong>impurae</strong></span> <span class='ocrx_word' id='word_1_12' title='bbox 428 629 563 691; x_wconf 90' lang='lat' dir='ltr'><strong>notionis</strong></span> <span class='ocrx_word' id='word_1_13' title='bbox 585 629 746 713; x_wconf 87' lang='lat' dir='ltr'><strong>quiequam</strong></span> <span class='ocrx_word' id='word_1_14' title='bbox 770 649 807 692; x_wconf 86' lang='lat' dir='ltr'><strong>ex</strong></span> <span class='ocrx_word' id='word_1_15' title='bbox 834 629 927 694; x_wconf 77' lang='lat' dir='ltr'><strong>elterh</strong></span> <span class='ocrx_word' id='word_1_16' title='bbox 955 631 1099 695; x_wconf 80' lang='lat' dir='ltr'><strong>exsistere</strong></span> <span class='ocrx_word' id='word_1_17' title='bbox 1121 631 1211 695; x_wconf 91' lang='lat' dir='ltr'><strong>video</strong></span> <span class='ocrx_word' id='word_1_18' title='bbox 1233 653 1277 697; x_wconf 87' lang='lat' dir='ltr'><strong>ra·</strong></span> 
     </span>
     <span class='ocr_line' id='line_1_4' title="bbox 144 738 1280 832; baseline 0.002 -26"><span class='ocrx_word' id='word_1_19' title='bbox 144 742 240 816; x_wconf 86' lang='lat' dir='ltr'><strong>tioue;</strong></span> <span class='ocrx_word' id='word_1_20' title='bbox 265 741 427 806; x_wconf 91' lang='lat' dir='ltr'><strong>dummodo</strong></span> <span class='ocrx_word' id='word_1_21' title='bbox 452 763 538 827; x_wconf 83' lang='lat' dir='ltr'><strong>saepe</strong></span> <span class='ocrx_word' id='word_1_22' title='bbox 559 744 592 806; x_wconf 93' lang='lat' dir='ltr'><strong>iu</strong></span> <span class='ocrx_word' id='word_1_23' title='bbox 616 742 660 806; x_wconf 82' lang='lat' dir='ltr'><strong>V.</strong></span> <span class='ocrx_word' id='word_1_24' title='bbox 685 743 724 807; x_wconf 80' lang='lat' dir='ltr'><strong>T.</strong></span> <span class='ocrx_word' id='word_1_25' title='bbox 746 738 828 809; x_wconf 72' lang='lat' dir='ltr'><strong>n’rrhu</strong></span> <span class='ocrx_word' id='word_1_26' title='bbox 850 765 902 807; x_wconf 90' lang='lat' dir='ltr'><strong>eos</strong></span> <span class='ocrx_word' id='word_1_27' title='bbox 925 743 986 808; x_wconf 91' lang='lat' dir='ltr'><strong>dici</strong></span> <span class='ocrx_word' id='word_1_28' title='bbox 1016 746 1202 827; x_wconf 86' lang='lat' dir='ltr'><strong>memineris,</strong></span> <span class='ocrx_word' id='word_1_29' title='bbox 1228 748 1280 832; x_wconf 78' lang='lat' dir='ltr'><strong>qni</strong></span> 
     </span>
     <span class='ocr_line' id='line_1_5' title="bbox 143 854 1281 942; baseline 0.004 -22"><span class='ocrx_word' id='word_1_30' title='bbox 143 854 207 920; x_wconf 84' lang='lat' dir='ltr'><strong>Dil</strong></span> <span class='ocrx_word' id='word_1_31' title='bbox 224 856 424 932; x_wconf 77' lang='lat' dir='ltr'><strong>haberentur,</strong></span> <span class='ocrx_word' id='word_1_32' title='bbox 442 855 616 942; x_wconf 78' lang='lat' dir='ltr'><strong>Nominum</strong></span> <span class='ocrx_word' id='word_1_33' title='bbox 638 857 738 920; x_wconf 80' lang='lat' dir='ltr'><strong>tristor·</strong></span> <span class='ocrx_word' id='word_1_34' title='bbox 756 858 928 922; x_wconf 76' lang='lat' dir='ltr'><strong>colerentur.</strong></span> <span class='ocrx_word' id='word_1_35' title='bbox 980 857 1084 922; x_wconf 88' lang='lat' dir='ltr'><strong>Veluti</strong></span> <span class='ocrx_word' id='word_1_36' title='bbox 1109 860 1174 942; x_wconf 89' lang='lat' dir='ltr'><strong>ipse</strong></span> <span class='ocrx_word' id='word_1_37' title='bbox 1206 860 1281 924; x_wconf 90' lang='lat' dir='ltr'><strong>adeo</strong></span> 
     </span>
     <span class='ocr_line' id='line_1_6' title="bbox 144 968 1282 1058; baseline 0.004 -25"><span class='ocrx_word' id='word_1_38' title='bbox 144 970 223 1034; x_wconf 84' lang='lat' dir='ltr'><strong>dixit</strong></span> <span class='ocrx_word' id='word_1_39' title='bbox 245 970 375 1036; x_wconf 81' lang='lat' dir='ltr'><strong>Paullus</strong></span> <span class='ocrx_word' id='word_1_40' title='bbox 399 969 432 1053; x_wconf 93' lang='lat' dir='ltr'><strong>(l</strong></span> <span class='ocrx_word' id='word_1_41' title='bbox 456 969 596 1034; x_wconf 84' lang='lat' dir='ltr'><strong>Corinth.</strong></span> <span class='ocrx_word' id='word_1_42' title='bbox 628 968 724 1038; x_wconf 88' lang='lat' dir='ltr'><strong>VIII.</strong></span> <span class='ocrx_word' id='word_1_43' title='bbox 751 972 798 1052; x_wconf 83' lang='lat'><strong>5):</strong></span> <span class='ocrx_word' id='word_1_44' title='bbox 826 971 951 1058; x_wconf 76' lang='grc' dir='ltr'><em>Ὥσπερ</em></span> <span class='ocrx_word' id='word_1_45' title='bbox 980 978 1039 1038; x_wconf 75' lang='grc' dir='ltr'><strong>εἶσὶ</strong></span> <span class='ocrx_word' id='word_1_46' title='bbox 1063 979 1136 1039; x_wconf 70' lang='lat' dir='ltr'><strong>brol</strong></span> <span class='ocrx_word' id='word_1_47' title='bbox 1160 973 1282 1041; x_wconf 70' lang='lat' dir='ltr'><strong>crollet</strong></span> 
     </span>
     <span class='ocr_line' id='line_1_7' title="bbox 145 1083 1284 1172; baseline 0 -21"><span class='ocrx_word' id='word_1_48' title='bbox 145 1092 199 1152; x_wconf 83' lang='grc' dir='ltr'><strong>καὶ</strong></span> <span class='ocrx_word' id='word_1_49' title='bbox 227 1092 330 1171; x_wconf 63' lang='grc' dir='ltr'><strong><em>κύριοι</em></strong></span> <span class='ocrx_word' id='word_1_50' title='bbox 358 1086 475 1153; x_wconf 85' lang='grc' dir='ltr'><strong><em>πολλοί</em></strong></span> <span class='ocrx_word' id='word_1_51' title='bbox 498 1085 560 1168; x_wconf 86' lang='grc'><strong>(1).</strong></span> <span class='ocrx_word' id='word_1_52' title='bbox 586 1122 627 1132; x_wconf 94' lang='grc'>-</span> <span class='ocrx_word' id='word_1_53' title='bbox 651 1084 729 1151; x_wconf 76' lang='lat' dir='ltr'><strong>Tum</strong></span> <span class='ocrx_word' id='word_1_54' title='bbox 748 1085 832 1167; x_wconf 87' lang='lat' dir='ltr'><strong>justo</strong></span> <span class='ocrx_word' id='word_1_55' title='bbox 855 1083 977 1150; x_wconf 83' lang='lat' dir='ltr'><strong>brevius</strong></span> <span class='ocrx_word' id='word_1_56' title='bbox 1000 1090 1047 1149; x_wconf 90' lang='lat' dir='ltr'><strong>est</strong></span> <span class='ocrx_word' id='word_1_57' title='bbox 1062 1091 1152 1170; x_wconf 90' lang='lat' dir='ltr'><strong>atque</strong></span> <span class='ocrx_word' id='word_1_58' title='bbox 1168 1086 1284 1172; x_wconf 85' lang='lat' dir='ltr'><strong>abrup·</strong></span> 
     </span>
     <span class='ocr_line' id='line_1_8' title="bbox 93 1200 1284 1290; baseline 0.004 -28"><span class='ocrx_word' id='word_1_59' title='bbox 93 1209 101 1219; x_wconf 88' lang='lat'><em>&#39;</em></span> <span class='ocrx_word' id='word_1_60' title='bbox 142 1201 220 1276; x_wconf 89' lang='lat' dir='ltr'><strong>tius,</strong></span> <span class='ocrx_word' id='word_1_61' title='bbox 248 1201 413 1264; x_wconf 88' lang='lat' dir='ltr'><strong>aceeteris</strong></span> <span class='ocrx_word' id='word_1_62' title='bbox 436 1200 622 1283; x_wconf 85' lang='lat' dir='ltr'><strong>sejunctum,</strong></span> <span class='ocrx_word' id='word_1_63' title='bbox 654 1200 770 1264; x_wconf 87' lang='lat' dir='ltr'><strong>dictum</strong></span> <span class='ocrx_word' id='word_1_64' title='bbox 798 1216 863 1288; x_wconf 72' lang='lat' dir='ltr'><strong>pn:</strong></span> <span class='ocrx_word' id='word_1_65' title='bbox 891 1220 945 1290; x_wconf 73' lang='lat' dir='ltr'><strong>ps,</strong></span> <span class='ocrx_word' id='word_1_66' title='bbox 974 1201 1120 1265; x_wconf 89' lang='lat' dir='ltr'><strong>orationis</strong></span> <span class='ocrx_word' id='word_1_67' title='bbox 1144 1224 1284 1288; x_wconf 88' lang='lat' dir='ltr'><strong>praeser-</strong></span> 
     </span>
     <span class='ocr_line' id='line_1_9' title="bbox 141 1314 1280 1400; baseline 0.004 -23"><span class='ocrx_word' id='word_1_68' title='bbox 141 1316 199 1378; x_wconf 85' lang='lat' dir='ltr'><strong>tim</strong></span> <span class='ocrx_word' id='word_1_69' title='bbox 226 1314 327 1378; x_wconf 87' lang='lat' dir='ltr'><strong>initio.</strong></span> <span class='ocrx_word' id='word_1_70' title='bbox 377 1314 510 1378; x_wconf 81' lang='lat' dir='ltr'><strong>Tandem</strong></span> <span class='ocrx_word' id='word_1_71' title='bbox 533 1315 635 1378; x_wconf 82' lang='lat' dir='ltr'><strong>videat</strong></span> <span class='ocrx_word' id='word_1_72' title='bbox 665 1314 820 1398; x_wconf 88' lang='lat' dir='ltr'><strong>Interpres</strong></span> <span class='ocrx_word' id='word_1_73' title='bbox 848 1314 1143 1400; x_wconf 84' lang='lat' dir='ltr'><strong>intelligentissimus</strong></span> <span class='ocrx_word' id='word_1_74' title='bbox 1173 1317 1280 1398; x_wconf 84' lang='lat' dir='ltr'><strong>velim,</strong></span> 
     </span>
     <span class='ocr_line' id='line_1_10' title="bbox 143 1425 1284 1513; baseline 0.004 -23"><span class='ocrx_word' id='word_1_75' title='bbox 143 1448 245 1491; x_wconf 89' lang='lat' dir='ltr'><strong>nonne</strong></span> <span class='ocrx_word' id='word_1_76' title='bbox 268 1425 336 1508; x_wconf 80' lang='lat' dir='ltr'><strong>hbe,</strong></span> <span class='ocrx_word' id='word_1_77' title='bbox 362 1448 451 1511; x_wconf 91' lang='lat' dir='ltr'><strong>quam</strong></span> <span class='ocrx_word' id='word_1_78' title='bbox 474 1429 622 1513; x_wconf 88' lang='lat' dir='ltr'><strong>praefert,</strong></span> <span class='ocrx_word' id='word_1_79' title='bbox 656 1429 807 1492; x_wconf 78' lang='lat' dir='ltr'><strong>sententid</strong></span> <span class='ocrx_word' id='word_1_80' title='bbox 830 1431 963 1495; x_wconf 76' lang='lat' dir='ltr'><strong>assumtb</strong></span> <span class='ocrx_word' id='word_1_81' title='bbox 986 1450 1054 1493; x_wconf 91' lang='lat' dir='ltr'><strong>cum</strong></span> <span class='ocrx_word' id='word_1_82' title='bbox 1078 1430 1211 1495; x_wconf 79' lang='lat' dir='ltr'><strong>articulo</strong></span> <span class='ocrx_word' id='word_1_83' title='bbox 1238 1431 1284 1495; x_wconf 93' lang='lat' dir='ltr'><strong>di-</strong></span> 
     </span>
     <span class='ocr_line' id='line_1_11' title="bbox 145 1540 1282 1629; baseline 0.004 -23"><span class='ocrx_word' id='word_1_84' title='bbox 145 1541 275 1608; x_wconf 84' lang='lat' dir='ltr'><strong>cendum</strong></span> <span class='ocrx_word' id='word_1_85' title='bbox 295 1542 404 1606; x_wconf 79' lang='lat' dir='ltr'><strong>luisset</strong></span> <span class='ocrx_word' id='word_1_86' title='bbox 425 1540 533 1609; x_wconf 66' lang='lat' dir='ltr'><strong>sarm.</strong></span> <span class='ocrx_word' id='word_1_87' title='bbox 580 1542 666 1615; x_wconf 81' lang='lat' dir='ltr'><strong>Quae</strong></span> <span class='ocrx_word' id='word_1_88' title='bbox 687 1543 881 1629; x_wconf 85' lang='lat' dir='ltr'><strong>grammatica</strong></span> <span class='ocrx_word' id='word_1_89' title='bbox 902 1544 1122 1608; x_wconf 83' lang='lat' dir='ltr'><strong>animadversio</strong></span> <span class='ocrx_word' id='word_1_90' title='bbox 1143 1565 1282 1610; x_wconf 81' lang='lat' dir='ltr'><strong>caussam</strong></span> 
     </span>
     <span class='ocr_line' id='line_1_12' title="bbox 146 1655 1218 1742; baseline 0.003 -22"><span class='ocrx_word' id='word_1_91' title='bbox 146 1656 302 1720; x_wconf 88' lang='lat' dir='ltr'><strong>continere</strong></span> <span class='ocrx_word' id='word_1_92' title='bbox 324 1656 455 1721; x_wconf 84' lang='lat' dir='ltr'><strong>videtur.</strong></span> <span class='ocrx_word' id='word_1_93' title='bbox 504 1656 563 1720; x_wconf 79' lang='lat' dir='ltr'><strong>Sed</strong></span> <span class='ocrx_word' id='word_1_94' title='bbox 586 1655 663 1721; x_wconf 91' lang='lat' dir='ltr'><strong>nihil</strong></span> <span class='ocrx_word' id='word_1_95' title='bbox 686 1657 759 1721; x_wconf 87' lang='lat' dir='ltr'><strong>haee</strong></span> <span class='ocrx_word' id='word_1_96' title='bbox 781 1657 817 1721; x_wconf 91' lang='lat' dir='ltr'><strong>ad</strong></span> <span class='ocrx_word' id='word_1_97' title='bbox 837 1657 988 1742; x_wconf 86' lang='lat' dir='ltr'><strong>judicium</strong></span> <span class='ocrx_word' id='word_1_98' title='bbox 1012 1659 1218 1723; x_wconf 88' lang='lat' dir='ltr'><strong>delectione.</strong></span> 
     </span>
    </p>
   </div>
   <div class='ocr_carea' id='block_1_3' title="bbox 142 1883 1317 2637">
    <p class='ocr_par' dir='ltr' id='par_1_3' title="bbox 142 1883 1317 2637">
     <span class='ocr_line' id='line_1_13' title="bbox 190 1883 1317 1971; baseline 0.003 -22"><span class='ocrx_word' id='word_1_99' title='bbox 190 1885 294 1949; x_wconf 83' lang='lat' dir='ltr'><strong>Soet.</strong></span> <span class='ocrx_word' id='word_1_100' title='bbox 321 1889 375 1949; x_wconf 80' lang='lat'><strong>24.</strong></span> <span class='ocrx_word' id='word_1_101' title='bbox 425 1884 473 1948; x_wconf 79' lang='lat' dir='ltr'><strong>En</strong></span> <span class='ocrx_word' id='word_1_102' title='bbox 495 1884 584 1949; x_wconf 88' lang='lat' dir='ltr'><strong>Vers.</strong></span> <span class='ocrx_word' id='word_1_103' title='bbox 607 1884 658 1950; x_wconf 80' lang='lat' dir='ltr'><strong>Al.</strong></span> <span class='ocrx_word' id='word_1_104' title='bbox 681 1883 756 1951; x_wconf 84' lang='lat' dir='ltr'><strong>Cod.</strong></span> <span class='ocrx_word' id='word_1_105' title='bbox 792 1886 936 1951; x_wconf 81' lang='lat' dir='ltr'><strong>Vaticano</strong></span> <span class='ocrx_word' id='word_1_106' title='bbox 958 1885 1084 1971; x_wconf 87' lang='lat' dir='ltr'><strong>aliisque</strong></span> <span class='ocrx_word' id='word_1_107' title='bbox 1100 1888 1276 1971; x_wconf 78' lang='lat' dir='ltr'><strong>intorpreta-</strong></span> <span class='ocrx_word' id='word_1_108' title='bbox 1307 1924 1317 1933; x_wconf 81' lang='lat'><strong><em>.</em></strong></span> 
     </span>
     <span class='ocr_line' id='line_1_14' title="bbox 145 1996 1277 2083; baseline 0.002 -21"><span class='ocrx_word' id='word_1_109' title='bbox 145 1999 190 2062; x_wconf 91' lang='lat' dir='ltr'><strong>tio</strong></span> <span class='ocrx_word' id='word_1_110' title='bbox 210 1999 324 2064; x_wconf 81' lang='lat' dir='ltr'><strong>excidit</strong></span> <span class='ocrx_word' id='word_1_111' title='bbox 341 1997 502 2064; x_wconf 81' lang='lat' dir='ltr'><strong>verborum</strong></span> <span class='ocrx_word' id='word_1_112' title='bbox 522 1996 715 2066; x_wconf 61' lang='grc'><strong>1111131111</strong></span> <span class='ocrx_word' id='word_1_113' title='bbox 737 2018 787 2075; x_wconf 76' lang='lat' dir='ltr'><strong>ru,</strong></span> <span class='ocrx_word' id='word_1_114' title='bbox 813 2020 890 2083; x_wconf 88' lang='lat' dir='ltr'><strong>quae</strong></span> <span class='ocrx_word' id='word_1_115' title='bbox 910 2000 986 2066; x_wconf 87' lang='lat' dir='ltr'><strong>Ood.</strong></span> <span class='ocrx_word' id='word_1_116' title='bbox 1014 2000 1115 2065; x_wconf 87' lang='lat' dir='ltr'><strong>reddit</strong></span> <span class='ocrx_word' id='word_1_117' title='bbox 1142 2000 1277 2066; x_wconf 69' lang='lat' dir='ltr'><strong>Alemon-</strong></span> 
     </span>
     <span class='ocr_line' id='line_1_15' title="bbox 144 2111 1276 2202; baseline -0.002 -24"><span class='ocrx_word' id='word_1_118' title='bbox 144 2113 267 2178; x_wconf 82' lang='lat' dir='ltr'><strong>drinns:</strong></span> <span class='ocrx_word' id='word_1_119' title='bbox 292 2118 353 2181; x_wconf 84' lang='grc' dir='ltr'><strong>ὅσα</strong></span> <span class='ocrx_word' id='word_1_120' title='bbox 377 2115 535 2202; x_wconf 77' lang='grc' dir='ltr'><strong>11111ηοος</strong></span> <span class='ocrx_word' id='word_1_121' title='bbox 559 2116 661 2201; x_wconf 81' lang='grc' dir='ltr'><strong><em>αὐτῷ,</em></strong></span> <span class='ocrx_word' id='word_1_122' title='bbox 687 2114 763 2196; x_wconf 81' lang='lat' dir='ltr'><strong>Syro</strong></span> <span class='ocrx_word' id='word_1_123' title='bbox 788 2115 995 2177; x_wconf 86' lang='lat' dir='ltr'><strong>consentiente</strong></span> <span class='ocrx_word' id='word_1_124' title='bbox 1018 2120 1049 2177; x_wconf 91' lang='lat' dir='ltr'><strong>et</strong></span> <span class='ocrx_word' id='word_1_125' title='bbox 1071 2111 1184 2178; x_wconf 79' lang='lat' dir='ltr'><strong>Arabe.</strong></span> <span class='ocrx_word' id='word_1_126' title='bbox 1233 2113 1276 2177; x_wconf 84' lang='lat' dir='ltr'><strong>Eo</strong></span> 
     </span>
     <span class='ocr_line' id='line_1_16' title="bbox 143 2226 1276 2312; baseline 0 -21"><span class='ocrx_word' id='word_1_127' title='bbox 143 2226 264 2292; x_wconf 79' lang='lat' dir='ltr'><strong>facilius</strong></span> <span class='ocrx_word' id='word_1_128' title='bbox 286 2227 441 2293; x_wconf 87' lang='lat' dir='ltr'><strong>oculorum</strong></span> <span class='ocrx_word' id='word_1_129' title='bbox 465 2249 566 2292; x_wconf 89' lang='lat' dir='ltr'><strong>errore</strong></span> <span class='ocrx_word' id='word_1_130' title='bbox 593 2227 667 2292; x_wconf 88' lang='lat' dir='ltr'><strong>haec</strong></span> <span class='ocrx_word' id='word_1_131' title='bbox 696 2228 797 2292; x_wconf 90' lang='lat' dir='ltr'><strong>omitti</strong></span> <span class='ocrx_word' id='word_1_132' title='bbox 819 2231 999 2311; x_wconf 88' lang='lat' dir='ltr'><strong>potueruut,</strong></span> <span class='ocrx_word' id='word_1_133' title='bbox 1034 2226 1176 2312; x_wconf 86' lang='lat' dir='ltr'><strong>qnoniam</strong></span> <span class='ocrx_word' id='word_1_134' title='bbox 1208 2248 1276 2291; x_wconf 81' lang='lat' dir='ltr'><strong>mos</strong></span> 
     </span>
     <span class='ocr_line' id='line_1_17' title="bbox 144 2340 1276 2429; baseline -0.001 -23"><span class='ocrx_word' id='word_1_135' title='bbox 144 2343 248 2407; x_wconf 79' lang='lat' dir='ltr'><strong>ebdem</strong></span> <span class='ocrx_word' id='word_1_136' title='bbox 271 2341 329 2407; x_wconf 78' lang='lat' dir='ltr'><strong>hbe</strong></span> <span class='ocrx_word' id='word_1_137' title='bbox 352 2347 427 2407; x_wconf 90' lang='lat' dir='ltr'><strong>sect.</strong></span> <span class='ocrx_word' id='word_1_138' title='bbox 453 2343 533 2407; x_wconf 90' lang='lat' dir='ltr'><strong>idem</strong></span> <span class='ocrx_word' id='word_1_139' title='bbox 556 2344 690 2408; x_wconf 85' lang='lat' dir='ltr'><strong>recurrit</strong></span> <span class='ocrx_word' id='word_1_140' title='bbox 713 2340 840 2407; x_wconf 87' lang='lat' dir='ltr'><strong>verbum</strong></span> <span class='ocrx_word' id='word_1_141' title='bbox 864 2343 1032 2429; x_wconf 74' lang='grc' dir='ltr'><strong><em>ἐλάλησας.</em></strong></span> <span class='ocrx_word' id='word_1_142' title='bbox 1064 2341 1173 2406; x_wconf 91' lang='lat' dir='ltr'><strong>Plures</strong></span> <span class='ocrx_word' id='word_1_143' title='bbox 1196 2347 1276 2407; x_wconf 85' lang='lat' dir='ltr'><strong>uerte</strong></span> 
     </span>
     <span class='ocr_line' id='line_1_18' title="bbox 142 2453 1277 2523; baseline -0.002 -3"><span class='ocrx_word' id='word_1_144' title='bbox 142 2454 195 2520; x_wconf 81' lang='lat' dir='ltr'><strong>hic</strong></span> <span class='ocrx_word' id='word_1_145' title='bbox 217 2456 348 2521; x_wconf 82' lang='lat' dir='ltr'><strong>haesisse</strong></span> <span class='ocrx_word' id='word_1_146' title='bbox 370 2458 514 2523; x_wconf 86' lang='lat' dir='ltr'><strong>videntur</strong></span> <span class='ocrx_word' id='word_1_147' title='bbox 535 2456 672 2521; x_wconf 88' lang='lat' dir='ltr'><strong>librarii:</strong></span> <span class='ocrx_word' id='word_1_148' title='bbox 704 2478 774 2520; x_wconf 91' lang='lat' dir='ltr'><strong>nem</strong></span> <span class='ocrx_word' id='word_1_149' title='bbox 797 2456 849 2520; x_wconf 89' lang='lat' dir='ltr'><strong>alii</strong></span> <span class='ocrx_word' id='word_1_150' title='bbox 873 2456 953 2520; x_wconf 90' lang='lat' dir='ltr'><strong>aliud</strong></span> <span class='ocrx_word' id='word_1_151' title='bbox 977 2453 1096 2518; x_wconf 88' lang='lat' dir='ltr'><strong>habent.</strong></span> <span class='ocrx_word' id='word_1_152' title='bbox 1143 2454 1193 2518; x_wconf 93' lang='lat' dir='ltr'><strong>De</strong></span> <span class='ocrx_word' id='word_1_153' title='bbox 1216 2454 1277 2519; x_wconf 83' lang='lat' dir='ltr'><strong>lec·</strong></span> 
     </span>
     <span class='ocr_line' id='line_1_19' title="bbox 144 2571 686 2637; baseline -0.002 -1"><span class='ocrx_word' id='word_1_154' title='bbox 144 2571 228 2636; x_wconf 89' lang='lat' dir='ltr'><strong>tione</strong></span> <span class='ocrx_word' id='word_1_155' title='bbox 250 2571 329 2636; x_wconf 89' lang='lat' dir='ltr'><strong>nihil</strong></span> <span class='ocrx_word' id='word_1_156' title='bbox 351 2573 470 2637; x_wconf 85' lang='grc'><strong>1110111111</strong></span> <span class='ocrx_word' id='word_1_157' title='bbox 491 2571 686 2637; x_wconf 74' lang='lat' dir='ltr'><strong>&#39;Phemius</strong></span> 
     </span>
    </p>
   </div>
   <div class='ocr_carea' id='block_1_4' title="bbox 137 2797 1276 3460">
    <p class='ocr_par' dir='ltr' id='par_1_4' title="bbox 137 2797 1276 3460">
     <span class='ocr_line' id='line_1_20' title="bbox 138 2797 1275 2885; baseline -0.001 -22"><span class='ocrx_word' id='word_1_158' title='bbox 138 2839 141 2845; x_wconf 77' lang='lat'><em>,</em></span> <span class='ocrx_word' id='word_1_159' title='bbox 187 2798 311 2864; x_wconf 77' lang='lat' dir='ltr'><strong>Ibidem</strong></span> <span class='ocrx_word' id='word_1_160' title='bbox 333 2801 367 2864; x_wconf 82' lang='lat' dir='ltr'><strong>a&#39;n</strong></span> <span class='ocrx_word' id='word_1_161' title='bbox 381 2800 449 2885; x_wconf 82' lang='lat' dir='ltr'><strong>fine</strong></span> <span class='ocrx_word' id='word_1_162' title='bbox 479 2799 571 2865; x_wconf 89' lang='lat' dir='ltr'><strong>verba</strong></span> <span class='ocrx_word' id='word_1_163' title='bbox 600 2804 673 2864; x_wconf 90' lang='lat' dir='ltr'><strong>sunt</strong></span> <span class='ocrx_word' id='word_1_164' title='bbox 695 2797 847 2863; x_wconf 80' lang='lat' dir='ltr'><strong>Hebraico</strong></span> <span class='ocrx_word' id='word_1_165' title='bbox 873 2816 919 2864; x_wconf 74' lang='grc'><strong>1111</strong></span> <span class='ocrx_word' id='word_1_166' title='bbox 947 2815 1014 2863; x_wconf 68' lang='lat' dir='ltr'><strong>nun.</strong></span> <span class='ocrx_word' id='word_1_167' title='bbox 1073 2799 1135 2862; x_wconf 90' lang='lat' dir='ltr'><strong>Pro</strong></span> <span class='ocrx_word' id='word_1_168' title='bbox 1163 2797 1275 2882; x_wconf 89' lang='lat' dir='ltr'><strong>quibus</strong></span> 
     </span>
     <span class='ocr_line' id='line_1_21' title="bbox 141 2911 1276 3003; baseline -0.003 -25"><span class='ocrx_word' id='word_1_169' title='bbox 141 2913 232 2978; x_wconf 86' lang='lat' dir='ltr'><strong>LXX</strong></span> <span class='ocrx_word' id='word_1_170' title='bbox 263 2913 411 3000; x_wconf 88' lang='lat' dir='ltr'><strong>praebent</strong></span> <span class='ocrx_word' id='word_1_171' title='bbox 440 2924 483 2993; x_wconf 79' lang='grc' dir='ltr'><strong>ὡς</strong></span> <span class='ocrx_word' id='word_1_172' title='bbox 510 2925 532 3003; x_wconf 72' lang='grc' dir='ltr'><em>ἡ</em></span> <span class='ocrx_word' id='word_1_173' title='bbox 558 2917 661 3003; x_wconf 67' lang='grc' dir='ltr'><strong><em>ἡμέρα</em></strong></span> <span class='ocrx_word' id='word_1_174' title='bbox 689 2918 782 3001; x_wconf 80' lang='grc' dir='ltr'><em>αὕτη.</em></span> <span class='ocrx_word' id='word_1_175' title='bbox 828 2914 907 2978; x_wconf 81' lang='lat' dir='ltr'><strong>Satis</strong></span> <span class='ocrx_word' id='word_1_176' title='bbox 938 2912 1097 2978; x_wconf 87' lang='lat' dir='ltr'><strong>absurdam</strong></span> <span class='ocrx_word' id='word_1_177' title='bbox 1128 2911 1206 2975; x_wconf 91' lang='lat' dir='ltr'><strong>hane</strong></span> <span class='ocrx_word' id='word_1_178' title='bbox 1229 2914 1276 2976; x_wconf 92' lang='lat' dir='ltr'><strong>in·</strong></span> 
     </span>
     <span class='ocr_line' id='line_1_22' title="bbox 140 3026 1275 3112; baseline -0.003 -20"><span class='ocrx_word' id='word_1_179' title='bbox 140 3030 386 3112; x_wconf 86' lang='lat' dir='ltr'><strong>terpretationem</strong></span> <span class='ocrx_word' id='word_1_180' title='bbox 418 3036 451 3094; x_wconf 86' lang='lat' dir='ltr'><strong>et</strong></span> <span class='ocrx_word' id='word_1_181' title='bbox 480 3030 530 3094; x_wconf 91' lang='lat' dir='ltr'><strong>alii</strong></span> <span class='ocrx_word' id='word_1_182' title='bbox 553 3028 625 3094; x_wconf 90' lang='lat' dir='ltr'><strong>libri</strong></span> <span class='ocrx_word' id='word_1_183' title='bbox 648 3026 760 3092; x_wconf 87' lang='lat' dir='ltr'><strong>habent</strong></span> <span class='ocrx_word' id='word_1_184' title='bbox 783 3032 815 3091; x_wconf 92' lang='lat' dir='ltr'><strong>et</strong></span> <span class='ocrx_word' id='word_1_185' title='bbox 837 3029 901 3112; x_wconf 88' lang='lat' dir='ltr'><strong>ipse</strong></span> <span class='ocrx_word' id='word_1_186' title='bbox 932 3027 1106 3092; x_wconf 77' lang='lat' dir='ltr'><strong>Vaticanus.</strong></span> <span class='ocrx_word' id='word_1_187' title='bbox 1155 3026 1275 3098; x_wconf 83' lang='lat' dir='ltr'><strong>Quam·</strong></span> 
     </span>
     <span class='ocr_line' id='line_1_23' title="bbox 139 3138 1274 3227; baseline -0.005 -20"><span class='ocrx_word' id='word_1_188' title='bbox 139 3163 230 3227; x_wconf 88' lang='lat' dir='ltr'><strong>quam</strong></span> <span class='ocrx_word' id='word_1_189' title='bbox 257 3144 404 3227; x_wconf 89' lang='lat' dir='ltr'><strong>ejusmodi</strong></span> <span class='ocrx_word' id='word_1_190' title='bbox 435 3142 583 3209; x_wconf 81' lang='lat' dir='ltr'><strong>Codicum</strong></span> <span class='ocrx_word' id='word_1_191' title='bbox 607 3143 791 3208; x_wconf 86' lang='lat' dir='ltr'><strong>Graecorum</strong></span> <span class='ocrx_word' id='word_1_192' title='bbox 824 3141 979 3204; x_wconf 88' lang='lat' dir='ltr'><strong>dissensus</strong></span> <span class='ocrx_word' id='word_1_193' title='bbox 1001 3144 1066 3218; x_wconf 87' lang='lat' dir='ltr'><strong>est,</strong></span> <span class='ocrx_word' id='word_1_194' title='bbox 1095 3139 1177 3205; x_wconf 88' lang='lat' dir='ltr'><strong>unde</strong></span> <span class='ocrx_word' id='word_1_195' title='bbox 1199 3138 1274 3225; x_wconf 88' lang='lat' dir='ltr'><strong>quid</strong></span> 
     </span>
     <span class='ocr_line' id='line_1_24' title="bbox 137 3255 1275 3344; baseline -0.004 -21"><span class='ocrx_word' id='word_1_196' title='bbox 137 3259 234 3344; x_wconf 82' lang='lat' dir='ltr'><strong>prima</strong></span> <span class='ocrx_word' id='word_1_197' title='bbox 255 3259 411 3342; x_wconf 87' lang='lat' dir='ltr'><strong>scripserit</strong></span> <span class='ocrx_word' id='word_1_198' title='bbox 426 3279 532 3324; x_wconf 90' lang='lat' dir='ltr'><strong>manus</strong></span> <span class='ocrx_word' id='word_1_199' title='bbox 554 3279 615 3323; x_wconf 92' lang='lat' dir='ltr'><strong>non</strong></span> <span class='ocrx_word' id='word_1_200' title='bbox 638 3258 727 3322; x_wconf 87' lang='lat' dir='ltr'><strong>facile</strong></span> <span class='ocrx_word' id='word_1_201' title='bbox 750 3257 901 3342; x_wconf 86' lang='lat' dir='ltr'><strong>expedias.</strong></span> <span class='ocrx_word' id='word_1_202' title='bbox 952 3255 1107 3340; x_wconf 82' lang='lat' dir='ltr'><strong>Quicquid</strong></span> <span class='ocrx_word' id='word_1_203' title='bbox 1130 3256 1182 3336; x_wconf 89' lang='lat' dir='ltr'><strong>sit,</strong></span> <span class='ocrx_word' id='word_1_204' title='bbox 1209 3255 1275 3321; x_wconf 89' lang='lat' dir='ltr'><strong>vul·</strong></span> 
     </span>
     <span class='ocr_line' id='line_1_25' title="bbox 139 3370 1005 3460; baseline -0.003 -23"><span class='ocrx_word' id='word_1_205' title='bbox 139 3378 240 3460; x_wconf 84' lang='lat' dir='ltr'><strong>getam</strong></span> <span class='ocrx_word' id='word_1_206' title='bbox 262 3395 318 3437; x_wconf 91' lang='lat' dir='ltr'><strong>neo</strong></span> <span class='ocrx_word' id='word_1_207' title='bbox 341 3373 484 3439; x_wconf 81' lang='lat' dir='ltr'><strong>sollicitat</strong></span> <span class='ocrx_word' id='word_1_208' title='bbox 507 3377 537 3437; x_wconf 86' lang='lat' dir='ltr'><strong>et</strong></span> <span class='ocrx_word' id='word_1_209' title='bbox 560 3379 641 3438; x_wconf 88' lang='lat' dir='ltr'><strong>reete</strong></span> <span class='ocrx_word' id='word_1_210' title='bbox 664 3371 794 3458; x_wconf 82' lang='lat' dir='ltr'><strong>explicet</strong></span> <span class='ocrx_word' id='word_1_211' title='bbox 816 3370 1005 3436; x_wconf 77' lang='lat' dir='ltr'><strong>Thenius.</strong></span> 
     </span>
    </p>
   </div>
   <div class='ocr_carea' id='block_1_5' title="bbox 89 3592 1274 4254">
    <p class='ocr_par' dir='ltr' id='par_1_5' title="bbox 89 3592 1274 4254">
     <span class='ocr_line' id='line_1_26' title="bbox 181 3592 1274 3681; baseline -0.004 -17"><span class='ocrx_word' id='word_1_212' title='bbox 181 3601 287 3665; x_wconf 82' lang='lat' dir='ltr'><strong>Soet.</strong></span> <span class='ocrx_word' id='word_1_213' title='bbox 313 3603 355 3666; x_wconf 74' lang='lat'><strong>26</strong></span> <span class='ocrx_word' id='word_1_214' title='bbox 380 3601 482 3667; x_wconf 83' lang='lat' dir='ltr'><strong>initio.</strong></span> <span class='ocrx_word' id='word_1_215' title='bbox 533 3592 614 3666; x_wconf 82' lang='lat' dir='ltr'><strong>Ante</strong></span> <span class='ocrx_word' id='word_1_216' title='bbox 644 3597 770 3665; x_wconf 88' lang='lat' dir='ltr'><strong>vooabb.</strong></span> <span class='ocrx_word' id='word_1_217' title='bbox 797 3596 884 3671; x_wconf 63' lang='grc'><strong>111111*</strong></span> <span class='ocrx_word' id='word_1_218' title='bbox 908 3597 989 3679; x_wconf 63' lang='lat' dir='ltr'><strong>tubat,</strong></span> <span class='ocrx_word' id='word_1_219' title='bbox 1023 3618 1139 3674; x_wconf 88' lang='lat' dir='ltr'><strong>omnes,</strong></span> <span class='ocrx_word' id='word_1_220' title='bbox 1174 3617 1274 3681; x_wconf 85' lang='lat' dir='ltr'><strong>quan·</strong></span> 
     </span>
     <span class='ocr_line' id='line_1_27' title="bbox 137 3712 1273 3803; baseline -0.004 -22"><span class='ocrx_word' id='word_1_221' title='bbox 137 3725 205 3782; x_wconf 90' lang='lat' dir='ltr'><strong>tum</strong></span> <span class='ocrx_word' id='word_1_222' title='bbox 228 3717 382 3797; x_wconf 89' lang='lat' dir='ltr'><strong>novimus,</strong></span> <span class='ocrx_word' id='word_1_223' title='bbox 415 3715 525 3780; x_wconf 84' lang='lat' dir='ltr'><strong>Graeci</strong></span> <span class='ocrx_word' id='word_1_224' title='bbox 547 3715 645 3779; x_wconf 85' lang='lat' dir='ltr'><strong>Oodd.</strong></span> <span class='ocrx_word' id='word_1_225' title='bbox 670 3715 810 3778; x_wconf 89' lang='lat' dir='ltr'><strong>inserunt</strong></span> <span class='ocrx_word' id='word_1_226' title='bbox 831 3721 951 3803; x_wconf 73' lang='grc' dir='ltr'><strong><em>Κύριε,</em></strong></span> <span class='ocrx_word' id='word_1_227' title='bbox 977 3719 1028 3791; x_wconf 88' lang='lat' dir='ltr'><strong>ut,</strong></span> <span class='ocrx_word' id='word_1_228' title='bbox 1054 3713 1188 3798; x_wconf 88' lang='lat' dir='ltr'><strong>pleniore</strong></span> <span class='ocrx_word' id='word_1_229' title='bbox 1212 3712 1273 3777; x_wconf 91' lang='lat' dir='ltr'><strong>Dei</strong></span> 
     </span>
     <span class='ocr_line' id='line_1_28' title="bbox 89 3826 1273 3914; baseline -0.002 -22"><span class='ocrx_word' id='word_1_230' title='bbox 89 3903 90 3907; x_wconf 7' lang='grc' dir='ltr'><strong>Ἰ</strong></span> <span class='ocrx_word' id='word_1_231' title='bbox 138 3829 385 3914; x_wconf 86' lang='lat' dir='ltr'><strong>compellatione,</strong></span> <span class='ocrx_word' id='word_1_232' title='bbox 421 3851 472 3894; x_wconf 88' lang='lat' dir='ltr'><strong>eos</strong></span> <span class='ocrx_word' id='word_1_233' title='bbox 506 3829 615 3914; x_wconf 83' lang='lat' dir='ltr'><strong>legisse</strong></span> <span class='ocrx_word' id='word_1_234' title='bbox 650 3833 788 3913; x_wconf 88' lang='lat' dir='ltr'><strong>appareat</strong></span> <span class='ocrx_word' id='word_1_235' title='bbox 818 3826 905 3897; x_wconf 66' lang='lat' dir='ltr'><strong>burin</strong></span> <span class='ocrx_word' id='word_1_236' title='bbox 937 3826 1002 3895; x_wconf 69' lang='grc'><strong>’11511</strong></span> <span class='ocrx_word' id='word_1_237' title='bbox 1034 3845 1116 3894; x_wconf 66' lang='lat' dir='ltr'><strong>ntu-</strong></span> <span class='ocrx_word' id='word_1_238' title='bbox 1171 3826 1273 3899; x_wconf 78' lang='lat' dir='ltr'><strong>Quam</strong></span> 
     </span>
     <span class='ocr_line' id='line_1_29' title="bbox 137 3929 1272 4027; baseline -0.003 -20"><span class='ocrx_word' id='word_1_239' title='bbox 137 3942 261 4007; x_wconf 92' lang='lat' dir='ltr'><strong>eandem</strong></span> <span class='ocrx_word' id='word_1_240' title='bbox 290 3943 450 4007; x_wconf 90' lang='lat' dir='ltr'><strong>lectionem</strong></span> <span class='ocrx_word' id='word_1_241' title='bbox 482 3946 513 4006; x_wconf 86' lang='lat' dir='ltr'><strong>et</strong></span> <span class='ocrx_word' id='word_1_242' title='bbox 542 3929 644 4027; x_wconf 86' lang='lat' dir='ltr'><strong>plures</strong></span> <span class='ocrx_word' id='word_1_243' title='bbox 679 3940 790 4005; x_wconf 90' lang='lat' dir='ltr'><strong>habent</strong></span> <span class='ocrx_word' id='word_1_244' title='bbox 819 3942 896 4026; x_wconf 88' lang='lat' dir='ltr'><strong>apud</strong></span> <span class='ocrx_word' id='word_1_245' title='bbox 919 3941 1212 4006; x_wconf 88' lang='lat' dir='ltr'><strong>Kennieotium</strong></span> <span class='ocrx_word' id='word_1_246' title='bbox 1238 3963 1272 4005; x_wconf 89' lang='lat' dir='ltr'><strong>ac</strong></span> 
     </span>
     <span class='ocr_line' id='line_1_30' title="bbox 135 4053 1269 4140; baseline -0.002 -20"><span class='ocrx_word' id='word_1_247' title='bbox 135 4056 167 4120; x_wconf 90' lang='lat' dir='ltr'>D</span> <span class='ocrx_word' id='word_1_248' title='bbox 177 4078 193 4119; x_wconf 93' lang='lat' dir='ltr'><strong>e</strong></span> <span class='ocrx_word' id='word_1_249' title='bbox 203 4055 405 4125; x_wconf 83' lang='lat' dir='ltr'><strong>-Rossium</strong></span> <span class='ocrx_word' id='word_1_250' title='bbox 428 4056 525 4120; x_wconf 83' lang='lat' dir='ltr'><strong>codd.</strong></span> <span class='ocrx_word' id='word_1_251' title='bbox 549 4053 708 4133; x_wconf 88' lang='lat' dir='ltr'><strong>Hebraioi,</strong></span> <span class='ocrx_word' id='word_1_252' title='bbox 723 4060 754 4118; x_wconf 92' lang='lat' dir='ltr'><strong>et</strong></span> <span class='ocrx_word' id='word_1_253' title='bbox 769 4056 888 4139; x_wconf 90' lang='lat' dir='ltr'><strong>antiqui</strong></span> <span class='ocrx_word' id='word_1_254' title='bbox 902 4056 1008 4140; x_wconf 89' lang='lat' dir='ltr'><strong>Intpp.</strong></span> <span class='ocrx_word' id='word_1_255' title='bbox 1026 4060 1144 4139; x_wconf 87' lang='lat' dir='ltr'><strong>praeter</strong></span> <span class='ocrx_word' id='word_1_256' title='bbox 1158 4054 1269 4119; x_wconf 82' lang='lat' dir='ltr'><strong>Chald.</strong></span> 
     </span>
     <span class='ocr_line' id='line_1_31' title="bbox 134 4169 1272 4254; baseline -0.004 -17"><span class='ocrx_word' id='word_1_257' title='bbox 134 4191 247 4237; x_wconf 86' lang='lat' dir='ltr'><strong>omnes.</strong></span> <span class='ocrx_word' id='word_1_258' title='bbox 285 4172 344 4239; x_wconf 87' lang='lat' dir='ltr'><strong>Oui</strong></span> <span class='ocrx_word' id='word_1_259' title='bbox 367 4170 505 4236; x_wconf 87' lang='lat' dir='ltr'><strong>obsecuti</strong></span> <span class='ocrx_word' id='word_1_260' title='bbox 528 4170 702 4235; x_wconf 86' lang='lat' dir='ltr'><strong>auctoritati</strong></span> <span class='ocrx_word' id='word_1_261' title='bbox 725 4189 835 4235; x_wconf 89' lang='lat' dir='ltr'><strong>nomen</strong></span> <span class='ocrx_word' id='word_1_262' title='bbox 856 4188 926 4236; x_wconf 79' lang='lat' dir='ltr'><strong>rrtu</strong></span> <span class='ocrx_word' id='word_1_263' title='bbox 950 4169 1143 4235; x_wconf 90' lang='lat' dir='ltr'><strong>inserendum</strong></span> <span class='ocrx_word' id='word_1_264' title='bbox 1161 4175 1272 4254; x_wconf 85' lang='lat' dir='ltr'><strong>putant</strong></span> 
     </span>
    </p>
   </div>
   <div class='ocr_carea' id='block_1_6' title="bbox 157 4418 1190 4488">
    <p class='ocr_par' dir='ltr' id='par_1_6' title="bbox 157 4418 1190 4488">
     <span class='ocr_line' id='line_1_32' title="bbox 157 4418 1190 4488; baseline -0.002 -16"><span class='ocrx_word' id='word_1_265' title='bbox 157 4421 193 4488; x_wconf 81' lang='grc'><strong>(1)</strong></span> <span class='ocrx_word' id='word_1_266' title='bbox 211 4421 249 4476; x_wconf 77' lang='lat' dir='ltr'><strong>(ll.</strong></span> <span class='ocrx_word' id='word_1_267' title='bbox 267 4425 420 4476; x_wconf 78' lang='lat' dir='ltr'><strong>etiamnum</strong></span> <span class='ocrx_word' id='word_1_268' title='bbox 438 4421 484 4473; x_wconf 89' lang='lat' dir='ltr'><strong>Ps.</strong></span> <span class='ocrx_word' id='word_1_269' title='bbox 501 4421 643 4474; x_wconf 80' lang='lat' dir='ltr'><strong>LXXXII.</strong></span> <span class='ocrx_word' id='word_1_270' title='bbox 662 4426 677 4471; x_wconf 84' lang='lat'><strong>6</strong></span> <span class='ocrx_word' id='word_1_271' title='bbox 703 4419 799 4474; x_wconf 81' lang='lat' dir='ltr'><strong>Christi</strong></span> <span class='ocrx_word' id='word_1_272' title='bbox 816 4421 911 4472; x_wconf 81' lang='lat' dir='ltr'><strong>dintum</strong></span> <span class='ocrx_word' id='word_1_273' title='bbox 927 4418 1015 4471; x_wconf 82' lang='lat' dir='ltr'><strong>Joann.</strong></span> <span class='ocrx_word' id='word_1_274' title='bbox 1036 4420 1069 4470; x_wconf 87' lang='lat' dir='ltr'><strong>X.</strong></span> <span class='ocrx_word' id='word_1_275' title='bbox 1089 4425 1131 4471; x_wconf 81' lang='lat'><strong>34.</strong></span> <span class='ocrx_word' id='word_1_276' title='bbox 1149 4424 1190 4472; x_wconf 82' lang='lat'><strong>³5.</strong></span> 
     </span>
    </p>
   </div>
   <div class='ocr_carea' id='block_1_7' title="bbox 0 0 1396 4958">
    <p class='ocr_par' dir='ltr' id='par_1_7' title="bbox 0 0 1396 4958">
     <span class='ocr_line' id='line_1_33' title="bbox 0 0 1396 4958; baseline 0 2"><span class='ocrx_word' id='word_1_277' title='bbox 0 0 1396 4958; x_wconf 95' lang='lat' dir='ltr'><strong> </strong></span> 
     </span>
    </p>
   </div>
  </div>
 </body>
</html>
