2782 4958
160 111 224 175 184
614 128 828 171 nassamones.

162 323 196 364 aa
218 300 402 387 posteritatis
424 299 455 363 in
480 301 665 363 contemtum
694 297 824 363 adducat
853 296 995 362 Codicem
1026 295 1151 361 Sacrum
1173 317 1229 361 uon
1244 297 1323 362 ltae

162 415 302 480 beraliter
324 415 553 498 interpretandi,
572 413 624 477 sed
649 414 782 499 singulas
804 414 905 498 potius
928 413 993 496 ejus
1011 409 1129 475 litteras
1145 430 1303 496 vcmsquoe

164 531 317 614 premendi
341 552 374 593 aa
397 530 556 613 torquendi
579 532 679 614 inepta
702 529 898 593 consuetudo.

699 718 756 771 ΙΙΙ.

210 844 273 917 Qui
296 846 446 931 plerisque
469 847 500 908 in
526 843 615 909 rebus
646 851 802 908 accuratae
829 843 1084 929 interpretationis
1106 843 1289 907 severitatem

165 964 318 1025 secantur
349 965 438 1044 atque
466 959 583 1023 abhoc
613 960 802 1044 potissimum
833 962 934 1023 studio
965 959 1079 1023 laudari
1109 955 1290 1033 volunt3hi

165 1096 227 1138 non
250 1096 318 1139 raro
341 1076 384 1138 ita
407 1073 465 1138 sibi
488 1080 658 1161 repugnant
679 1076 753 1159 ipsi,
779 1080 828 1151 ut,
852 1075 935 1139 nulli
958 1080 1086 1160 urgente
1104 1073 1290 1148 necessitate,

166 1190 314 1253 orationis
341 1193 625 1277 inconsequentiam,
653 1191 715 1252 sive
738 1192 1010 1271 deauctoraret,
1034 1191 1128 1255 saeris
1150 1189 1297 1274 objiciant

166 1302 382 1388 Scriptoribus.
432 1303 522 1376 Quod
552 1327 590 1368 ne
621 1306 780 1383 miremur,
815 1306 944 1370 facticiis
974 1307 1014 1370 iis
1042 1313 1096 1371 aut
1122 1311 1204 1370 certe
1234 1326 1299 1369 nou

166 1419 230 1480 sine
264 1419 438 1503 exceptione
469 1420 568 1496 veris,
594 1441 667 1503 quas
690 1426 825 1484 recentes
852 1421 1053 1486 condiderunt
1077 1420 1298 1493 Grammatici.

167 1532 282 1619 regulis
302 1532 479 1619 legibusque
502 1556 563 1598 non
587 1557 703 1620 semper
719 1536 792 1599 satis
811 1536 991 1620 respondere
1006 1537 1038 1600 S.
1059 1537 1096 1600 (l.
1116 1538 1302 1614 orationem,

167 1647 255 1712 nobis
293 1649 535 1734 perpendendum
574 1655 630 1713 est.
684 1651 759 1714 lllae
789 1652 887 1736 igitur
915 1672 976 1735 quo
1007 1651 1104 1735 magis
1137 1648 1316 1714 inviolatae

168 1768 306 1827 maneant
329 1769 417 1848 atque
441 1764 571 1827 intactae
594 1764 715 1848 regulae
738 1764 895 1850 legesque,
913 1766 1050 1829 vitiosam
1065 1763 1142 1828 hauc
1165 1786 1229 1828 esse
1245 1770 1322 1827 aab

169 1886 249 1946 certe
273 1902 332 1944 non
356 1885 436 1943 recte
460 1880 618 1944 decurrere
640 1880 673 1943 S.
699 1880 731 1944 S.
757 1881 923 1944 orationem
948 1879 1143 1943 contendunt.

709 2068 761 2121 IV.

215 2198 331 2260 Scitum
363 2219 396 2260 aa
428 2218 530 2260 verum
563 2194 807 2273 De-Wettii,
842 2195 920 2277 qnod
950 2193 1222 2258 Schenkelius
1251 2189 1341 2272 (1)

172 2312 327 2395 reposuit,
354 2313 500 2376 monitum
525 2315 590 2386 est,
621 2309 690 2373 ubi:
730 2309 814 2374 »Per
840 2309 996 2382 nnllam,”
1020 2310 1135 2392 inquit,
1166 2309 1290 2392 »opinio
1304 2327 1348 2348 ἐ

174 2446 266 2487 »nam
292 2425 498 2490 Judaieanum
525 2427 749 2491 nataliciorum
775 2423 1017 2488 Rabbiniaoruna
1047 2426 1354 2508 comparativam

174 2542 229 2602 »in
257 2540 395 2603 divinam
418 2564 467 2603 vos
492 2542 682 2604 insinuabitis
704 2541 861 2622 ralipionis
891 2537 1083 2603 Christianae
1109 2538 1244 2602 indolem
1267 2539 1357 2600 ab

175 2655 354 2717 irationem.
401 2654 510 2740 Neque
534 2655 615 2718 enim
639 2658 799 2740 quisquam
829 2653 927 2717 adine
959 2675 995 2717 en
1019 2663 1113 2717 morte
1139 2652 1235 2715 citam
1257 2651 1358 2714 inl

177 2767 311 2832 »telienit
332 2792 384 2832 nec
408 2769 565 2852 saginavit?

720 2957 756 3012 V.

218 3083 332 3147 Eorum
356 3085 521 3158 sententia,
555 3085 624 3167 qni,
654 3083 716 3168 Ep.
742 3083 784 3147 ad
807 3082 899 3146 Rom.
926 3080 986 3144 IX.
1024 3081 1079 3154 bb,
1113 3077 1320 3163 doaolopion

175 3200 326 3263 invenisse
350 3198 407 3262 sibi
440 3200 600 3275 videntur,
628 3201 653 3262 si
676 3198 723 3263 vel
746 3220 799 3283 per
820 3197 917 3262 nullas
939 3195 1012 3259 alias
1035 3194 1241 3258 confutaretur
1265 3212 1307 3256 ra·

175 3316 274 3378 tiones
296 3315 551 3392 hermeneaticas‚
576 3314 804 3400 aPspeiotopid
828 3317 908 3376 certe
932 3311 1160 3374 condemnatur.
1197 3307 1305 3391 Neque

177 3431 257 3494 enim
280 3437 341 3494 tam
375 3433 476 3515 inepte
497 3430 618 3514 scripsit
641 3434 730 3512 atque
753 3426 880 3491 absurde
902 3425 1088 3500 Paullus,
1120 3429 1176 3502 ut,
1203 3420 1306 3485 eodem

176 3547 333 3610 enuntiato
363 3553 451 3629 atque
483 3545 585 3609 eodem
608 3544 704 3607 veluti
727 3543 857 3628 pectoris
884 3541 1004 3623 orisque
1028 3537 1145 3617 halitu,
1170 3542 1202 3600 et
1226 3554 1307 3599 acer·

178 3659 349 3735 bissimam,
375 3664 436 3744 qud
463 3660 729 3745 comprimeretur,
756 3657 976 3743 aegritudinem
1000 3676 1034 3718 ac
1057 3672 1223 3717 moerorem
1246 3650 1307 3715 lea·

178 3774 297 3839 toribus
327 3776 511 3860 significaret
542 3780 594 3853 et,
621 3774 738 3858 adjecta
768 3772 876 3836 summi
901 3770 1004 3857 gaudii
1028 3753 1136 3832 nuntii
1170 3787 1206 3830 ac
1232 3770 1309 3830 teste

184 3983 192 3988 -
199 3984 206 3988 -
215 3983 315 3990 ..-...---

214 4129 250 4189 (1)
268 4129 300 4176 In
325 4127 411 4177 libello
436 4141 514 4190 supra
537 4125 654 4175 laudator
681 4124 723 4174 W.
749 4126 785 4175 M.
810 4123 840 4172 L.
866 4122 900 4172 dc
927 4120 1031 4172 Wette
1061 4138 1084 4170 a.
1113 4119 1149 4169 die
1170 4117 1310 4180 Bedentnnp

180 4218 256 4269 seinai·
277 4218 420 4282 Tleol.ftt1·
438 4236 522 4270 ansere
540 4220 610 4282 Zaa,
629 4236 654 4282 p.
675 4226 713 4268 10.
