2782 4958
552 325 592 366 uu
614 324 813 366 uornnnusru.
1230 301 1246 361 7

115 492 243 565 uitales.
295 489 360 564 Sed
394 491 420 562 si
451 490 601 589 quid-cm,
633 491 721 589 quod
756 491 836 563 scite
873 501 1070 562 monuerunt
1103 502 1246 576 veteres,

109 617 211 708 firrtos
235 629 384 688 creantur
408 615 555 710 sortibus,
578 640 617 687 ac
641 615 787 687 marcium
811 638 980 711 puerorum
1005 613 1249 710 desperantem

108 740 215 810 vr'rtus
238 753 299 828 est,
325 739 358 810 hi
385 737 510 836 potine,
536 763 633 837 quam
666 738 758 811 locus
782 737 899 809 natalis
925 750 983 810 aut
1010 736 1071 808 alia
1097 737 1247 810 fortunae

105 860 210 947 bona,
226 861 320 935 nobis
335 860 532 934 memorandi
546 877 631 933 suut.
659 863 786 933 Patrem
802 860 900 958 igitur
913 859 1027 931 habuit
1043 862 1165 932 llerm
1176 885 1192 932 a
1204 886 1244 931 u·

105 1011 208 1058 num
235 984 471 1084 Royaards,
492 983 688 1082 Theologiae
714 984 775 1056 hac
797 988 827 1055 in
846 983 1021 1056 Academia
1044 985 1162 1056 multos
1188 1009 1246 1080 per

105 1133 217 1180 anuos
239 1110 457 1182 Professorem
486 1108 729 1205 gravissimum;
756 1133 822 1206 quo
846 1107 935 1210 ipso,
956 1122 1032 1180 ante
1061 1106 1141 1180 haec
1168 1131 1247 1178 sena

105 1246 141 1304 et
166 1233 260 1330 quod
282 1231 425 1304 excurrit
451 1231 569 1319 lustra,
593 1257 652 1331 per
674 1231 916 1330 sesquiennium
942 1231 1074 1328 Collega
1098 1231 1143 1301 uti
1168 1229 1246 1301 mihi

105 1355 259 1450 contigit.
311 1357 414 1453 Cujus
435 1357 550 1429 merita
575 1356 680 1428 etalii
705 1355 747 1428 dc
770 1355 929 1429 industria
951 1355 1167 1441 celebrarunt,
1187 1380 1247 1428 nec

106 1504 175 1574 ego
192 1479 270 1549 data
287 1478 543 1576 opportunitate,
557 1478 651 1551 sicuti
669 1503 727 1576 par
746 1493 826 1567 erat,
845 1503 1025 1550 memorare
1043 1478 1166 1575 neglexi
1184 1477 1195 1574 l
1221 1479 1245 1576 ).

110 1601 201 1674 Huic
218 1601 319 1698 igitur
334 1602 412 1673 clari
431 1601 569 1674 nominis
582 1601 749 1698 Theologo
762 1603 881 1698 conjux
899 1615 978 1689 erat,
993 1625 1078 1699 quae
1098 1599 1199 1674 lilium
1217 1605 1246 1675 ei

111 1725 242 1823 peperit
266 1740 344 1798 natu
366 1725 534 1797 minimum
559 1727 840 1796 Hermannum
861 1723 1107 1812 lohanuem,
1126 1725 1247 1797 Scho-

112 1848 230 1921 reria
254 1849 322 1946 (2),
351 1873 391 1921 ex
424 1847 623 1920 nobilissime
648 1847 780 1945 quidem
814 1871 853 1919 ac
881 1848 1015 1944 patricia
1041 1849 1073 1918 in
1098 1846 1248 1920 Zelandis

113 1986 212 2069 gente
238 1986 311 2044 orta
333 1971 395 2043 illa.
449 1973 589 2059 Verum,
619 1969 708 2069 quod
734 1969 852 2068 passim
877 1983 1046 2041 narrantes
1062 1969 1247 2043 audivimus

115 2093 287 2192 aequales,
316 2094 437 2190 magis,
467 2093 564 2193 quam
591 2119 695 2192 genus
719 2106 752 2166 et
777 2092 908 2191 proavi,
935 2091 1141 2165 lectissimam
1171 2096 1246 2166 Μει-

114 2229 243 2288 trenam
268 2215 507 2313 pulcherrimae
528 2241 696 2315 quaeque,
723 2241 808 2315 quae
831 2215 989 2289 muliebre
1014 2216 1178 2313 ingenium
1197 2243 1248 2290 or-

117 2351 205 2427 nant,
220 2339 357 2413 virtutes
378 2340 592 2415 nobilitabant
612 2366 650 2413 ac
665 2341 837 2438 singularis
850 2341 881 2412 in
897 2343 1000 2413 Deum
1014 2341 1247 2440 Christumque

116 2462 229 2558 pietas.
282 2465 430 2548 Quorum
459 2465 557 2561 igitur
577 2478 641 2537 tam
670 2463 902 2562 praestantium
930 2465 1102 2537 Parentum
1122 2465 1248 2562 sapien-

117 2585 192 2656 tiam
220 2598 320 2683 atque
341 2609 418 2682 erga
444 2586 564 2658 liberos
579 2610 721 2658 amorem
745 2585 823 2656 nibil
852 2586 953 2682 magis
970 2610 1069 2658 curae
1090 2586 1247 2685 cordique

115 2708 286 2796 habuisse,
314 2735 411 2808 quam
439 2709 541 2783 ulad
568 2710 880 2808 καλοκᾳγαθιὰν,
907 2711 1091 2783 Christiano
1116 2711 1246 2784 homine

114 2831 265 2939 dignam,
293 2849 419 2906 mature
438 2833 493 2905 lilii
520 2848 635 2930 pectus
660 2834 890 2906 informaretur
911 2848 1011 2934 atque
1031 2834 1245 2921 excoleretur,

116 2956 303 3027 certissimis
337 2956 430 3029 nobis
462 2957 606 3029 constitit
640 2956 807 3029 bominum
840 2983 879 3030 ac
910 2983 1017 3031 rerum
1045 2958 1245 3031 testimoniis.

114 3078 225 3179 Atque
249 3079 488 3152 amantissimae
508 3079 582 3152 illae
604 3103 717 3152 eorum
739 3104 839 3152 curae
855 3106 893 3153 ac
919 3081 1040 3152 monita
1062 3082 1126 3153 noli
1148 3106 1247 3180 quae

117 3227 205 3289 rere,
231 3228 328 3301 quam
347 3203 488 3275 faustum
508 3203 683 3276 habuerint
703 3203 849 3303 ipsisque
868 3205 988 3278 lactum
1009 3207 1140 3280 exitum.
1169 3209 1247 3278 Ete-

114 3325 201 3413 nim,
228 3351 330 3423 quum
361 3326 465 3398 bonae
503 3327 618 3398 mentis
648 3325 807 3422 igniculos
841 3327 1034 3401 ostendebat
1060 3331 1160 3400 teneri
1179 3332 1244 3424 jam

116 3449 209 3546 pueri
229 3448 367 3536 animus,
394 3464 475 3536 tum,
496 3447 585 3547 quod
605 3449 703 3521 Poeta
726 3449 817 3538 dixit,
835 3453 901 3522 eim
921 3453 1049 3523 insitam
1066 3476 1247 3549 mononem

114 3572 288 3658 culturom,
314 3571 499 3644 luculenter
523 3572 577 3643 hle
595 3575 754 3670 apparuit.
808 3577 947 3664 Verum,
967 3601 1047 3673 age,
1070 3574 1109 3647 ad
1139 3576 1247 3647 Virum

115 3723 260 3796 eumque
279 3700 470 3769 Historicom
485 3697 698 3792 spectandum
722 3710 942 3795 properantes,
964 3697 1006 3771 de
1028 3699 1159 3770 ineunte
1177 3701 1248 3794 ejus

113 3836 223 3893 aetate
244 3819 433 3893 brevissime
458 3821 684 3918 delungamur.
738 3822 912 3918 Postquam
941 3821 1039 3918 igitur
1070 3821 1248 3919 puerilibus

113 3944 235 4016 artium
255 3943 506 4043 linguarumque
521 3944 737 4017 recentiorum
758 3944 857 4016 initiis
869 3945 1017 4017 imbutus
1026 3958 1107 4034 erat,
1125 3944 1248 4044 patriae

119 4093 264 4104 uun-u—

153 4168 202 4237 (1)
222 4165 318 4220 Minus
338 4165 424 4237 vulgo
444 4174 512 4220 nota
525 4169 660 4238 quaedam
679 4171 713 4223 de
736 4186 769 4223 co
790 4167 910 4237 narravi,
928 4169 1001 4224 Hist.
1016 4169 1099 4224 Acod.
1117 4168 1245 4237 Getrr‘cae,

119 4263 262 4319 Tom.11.
285 4283 313 4336 p.
339 4270 404 4319 380.
444 4265 563 4334 Plures,
594 4267 642 4338 qui
672 4269 706 4322 de
734 4285 768 4324 eo
798 4268 946 4337 dixerant,
980 4269 1110 4340 laudavi,
1135 4270 1245 4327 Memor.

121 4361 244 4417 Jocnn.
268 4364 439 4431 Glorioso,
463 4386 491 4438 p.
515 4373 561 4432 ⁴25,
584 4374 628 4420 26.

155 4463 201 4533 (2)
221 4463 391 4518 Johanna
413 4463 614 4520 Henriutta
634 4464 800 4521 Schoror.
