2782 4958
128 343 194 406 lca
516 361 555 403 nn
578 359 677 404 nuens
701 322 864 405 naruucrrs

126 528 220 592 rimus
242 526 332 589 etiam
355 521 473 590 Christi
505 525 664 610 religionis
686 524 872 590 adversarios
895 529 1012 591 veteres
1035 529 1096 592 tam
1120 528 1312 596 benerolffi

126 663 161 706 ac
183 646 244 723 tam
267 639 462 725 indulgenter
483 640 645 723 judiearet,
670 646 706 704 ut
729 662 767 703 ne
790 641 959 705 lenissimos
981 641 1115 724 quidem,
1138 645 1166 706 si
1188 644 1312 711 forte

126 756 158 816 in
183 754 274 817 vitam
298 753 435 830 reduces,
462 755 565 837 aequis
588 754 695 817 animis
718 753 791 817 haec
814 755 880 838 ejus
900 756 1015 838 judicia
1034 756 1151 821 laturus
1175 757 1312 824 iriae

127 867 278 933 Ecclesiae
303 869 408 932 Patres
431 871 614 934 existimem.

171 1203 339 1267 Universae
364 1204 466 1288 hujus,
493 1225 582 1286 quam
607 1202 868 1288 Monogrammata
891 1211 1072 1287 sequuntur,
1094 1226 1153 1268 nec
1172 1205 1271 1288 majus

127 1317 203 1382 illud
227 1317 389 1382 Historiae
417 1317 646 1382 Ecclesiasticus
669 1339 745 1401 opus
776 1319 921 1395 deseruit,
956 1318 1098 1381 narrandi
1124 1340 1159 1383 ac
1178 1319 1261 1402 judi·

129 1431 217 1494 candi
235 1432 367 1494 rationis
382 1433 510 1516 primam
532 1452 657 1515 eamque
671 1431 856 1495 luculentam
878 1439 987 1496 testem
1009 1432 1137 1508 advoco,
1163 1454 1259 1517 quam,

131 1542 316 1627 aliquamdiu
339 1549 408 1608 ante
431 1551 671 1626 commentatam,
703 1548 754 1610 vix
776 1553 839 1610 tres
862 1553 894 1610 et
923 1548 1033 1632 viginti
1060 1569 1156 1612 annos
1180 1554 1262 1613 natus

130 1659 245 1734 emisit,
270 1661 365 1723 uitam
389 1660 409 1724 J
415 1660 551 1725 uliani.
600 1661 808 1745 Imperatoris,
831 1663 965 1746 inquam,
985 1681 1073 1746 quem
1099 1664 1264 1746 Apustatac

131 1773 246 1837 famoso
277 1775 400 1839 nominc
431 1782 521 1858 atque
551 1783 616 1840 atro
647 1775 775 1840 carbone
805 1777 1017 1861 Gregorius
1047 1777 1169 1841 notavit
1199 1777 1263 1844 Na·

131 1887 363 1969 zianaanus,
389 1893 534 1954 notdrunt
557 1889 692 1974 plerique
714 1912 820 1954 omnes
843 1889 1025 1955 Orthoduai.
1074 1890 1174 1973 Cujus
1198 1912 1265 1956 vero

80 2090 82 2094 Α
132 2000 261 2065 virtutes
284 2006 320 2067 ed
343 2004 477 2068 laudavit
500 2005 650 2087 aequitate
673 2004 864 2082 Historiam,
892 2026 981 2088 qaam
1013 2024 1082 2068 eum
1105 2005 1139 2068 in
1164 2002 1266 2071 Chris·

132 2116 241 2194 tianos,
268 2118 290 2181 J
298 2119 430 2182 uliani
454 2118 603 2203 aequales,
635 2120 775 2203 ipsosque
807 2119 873 2202 ejus
902 2119 1145 2203 consanguineos
1168 2119 1267 2204 paullo

132 2229 314 2314 iniquiorem
339 2232 503 2319 reddidisse
532 2231 670 2297 nonnulli
701 2232 828 2296 forsitan
859 2232 1010 2317 putabunt
1035 2233 1097 2317 (1).
1126 2270 1169 2281 -—
1194 2233 1268 2298 Noli

134 2352 234 2410 umen
258 2345 410 2428 dubitare,
441 2349 516 2431 quin
543 2346 621 2411 Viro
644 2347 800 2432 religionis
826 2347 1030 2410 amantissimo
1060 2368 1118 2410 neo
1139 2369 1156 2410 a
1182 2347 1267 2431 Mys·

135 2462 266 2526 ticenum
290 2461 400 2526 studiis
424 2462 533 2543 alieno,
560 2461 651 2548 longe
673 2463 771 2547 magis
794 2464 956 2525 sanctus
986 2461 1122 2526 arriserit
1145 2483 1182 2526 ac
1205 2462 1268 2547 pla·

133 2576 233 2640 cuerit
263 2574 491 2640 Bernardus.
553 2579 584 2641 A
613 2576 719 2640 multis
738 2560 836 2639 'hunc
870 2596 930 2638 non
964 2576 1087 2659 ignoras
1122 2581 1282 2662 angustae

133 2672 243 2753 mentis
266 2689 451 2753 Monachum
474 2689 610 2755 habitum
634 2713 710 2772 esse,
737 2712 793 2754 neo
815 2688 853 2753 ab
875 2691 993 2754 insanit
1009 2692 1093 2755 valde
1117 2696 1269 2755 remotum

133 2802 324 2876 Fanaticum.
374 2803 459 2875 Quid
483 2827 554 2869 vero
578 2805 629 2869 hia
651 2803 855 2869 Neander?
894 2804 943 2867 En
967 2804 1036 2885 tibi,
1062 2824 1123 2889 quo
1146 2804 1270 2870 Clarae·

130 2916 272 2981 vallensis
295 2917 386 3002 hujus
408 2918 539 2985 Abbatis
562 2920 737 2983 memoriam
760 2916 940 2997 celebravit,
967 2917 1077 2982 librum
1105 2917 1271 2983 subtilissi-

30 3102 33 3107 ,
133 3052 216 3124 mum
239 3033 303 3118 (2).
354 3033 448 3098 Modo
470 3036 578 3114 medii,
604 3034 684 3119 quod
708 3033 849 3107 dicimus,
868 3033 935 3096 acci
957 3033 1111 3117 proprium
1134 3033 1271 3117 privum·

131 3167 190 3231 que
213 3146 271 3211 tibi
294 3148 423 3213 recludit
445 3150 612 3235 ingenium.
637 3148 730 3212 Modo
753 3147 836 3224 Viri,
862 3147 927 3230 qui,
945 3148 1146 3231 quodcunque
1161 3145 1268 3228 vellet,

132 3426 174 3464 me
192 3414 348 3476 excerpsisse
365 3425 417 3461 non
435 3413 554 3476 poenitet
589 3409 679 3475 Neque
697 3411 765 3462 anim
783 3423 936 3474 quamquam
953 3409 1023 3468 nori,
1042 3408 1087 3472 qui
1104 3410 1195 3460 eadem
1213 3410 1269 3460 dili·

130 3507 220 3570 gentit
235 3511 387 3567 utrumque,
412 3519 488 3568 quem
505 3504 572 3561 dixi,
591 3502 776 3568 comparaverit
792 3500 959 3551 Historicum.
995 3501 1050 3550 Etsi
1068 3515 1129 3550 vero
1146 3516 1162 3551 a
1181 3503 1270 3552 multis

132 3598 300 3661 praestantiae
329 3596 462 3645 historicae
487 3596 586 3644 dotibus
612 3596 779 3658 laudibusque
804 3593 950 3644 Arnoldo
975 3594 1050 3657 longe
1075 3594 1270 3657 praeterendum

132 3702 187 3739 esse
205 3688 389 3738 Neandrum
408 3688 539 3737 verissime
557 3689 654 3746 doceat,
675 3701 766 3736 vereor
782 3694 869 3737 tamen
881 3694 909 3736 ut
922 3687 1111 3736 studiosissimis
1125 3687 1270 3752 quibusque

132 3779 210 3843 hujus
227 3781 421 3833 admiratoribus
439 3781 466 3829 in
484 3780 600 3829 omnibus
618 3779 768 3828 satisfecerit
784 3779 978 3841 Augustius.
1188 3757 1195 3769 ¹

168 3869 205 3930 (1)
227 3869 304 3919 Ueber·
326 3870 376 3920 dara
396 3869 489 3920 Kaisar
511 3870 666 3920 Julianus
690 3869 739 3919 und
761 3870 812 3919 seia
835 3868 961 3920 Zeitulter.
999 3870 1051 3920 Eia
1068 3871 1122 3920 tr'st.
1140 3868 1270 3936 Ganrdldu;

132 3961 249 4013 Heidelb.
270 3967 343 4013 1812.
379 3964 488 4028 Anglice
505 3977 656 4013 conversum
672 3969 710 4014 est
727 3978 800 4028 opus.

167 4053 207 4117 (2)
226 4053 279 4104 Der
296 4054 349 4104 tait.
369 4056 502 4105 Bernhard
519 4071 543 4104 a.
563 4071 584 4103 a.
606 4054 737 4118 Zeitalter,·
760 4055 847 4106 Berol.
867 4061 942 4105 1813.
979 4055 1070 4108 Altera
1092 4073 1173 4122 eaque
1196 4059 1270 4110 valde

128 4148 230 4196 emend.
249 4148 325 4198 editio
342 4148 437 4212 prodiit
455 4147 548 4206 Hamb.
562 4155 587 4197 et
605 4145 712 4208 Gothus,
735 4155 809 4199 1848.
838 4147 920 4199 Curti.
935 4164 999 4213 quae
1016 4153 1172 4210 monuimus,
1189 4150 1267 4202 Mau.

132 4233 288 4290 Clarissii
306 4257 330 4305 p.
350 4245 398 4290 265
418 4254 456 4303 sq.
483 4264 515 4274 -·
534 4239 651 4289 Alteram
672 4242 807 4292 editionem
825 4250 927 4291 secutus
944 4250 982 4292 est
1000 4241 1031 4291 R.
1050 4243 1082 4293 P.
1102 4243 1268 4299 Verbeelrs

129 4329 202 4394 cujus
216 4333 391 4397 interpretatio
403 4333 599 4392 Nedcrlundica,
613 4331 738 4383 11T0mis
752 4333 871 4384 Rotcrod.
887 4340 951 4385 1850
969 4337 1070 4394 emissa,
1089 4351 1105 4384 a
1122 4334 1172 4384 tide
1190 4343 1268 4399 atque

124 4423 252 4487 elegantit
263 4427 356 4489 passim
367 4427 469 4475 laudata
483 4432 527 4474 ost.
548 4423 674 4484 Priorem,
689 4441 713 4474 u.
729 4430 803 4485 1818,
822 4427 932 4490 Anglica
945 4428 1069 4491 expressit
1080 4427 1266 4492 interpretatio.
