2782 4958
543 351 583 395 on
606 350 807 394 norannnsro.
1205 329 1246 396 il

105 524 194 596 mim
202 548 259 622 per
272 522 409 594 homiues
432 531 573 617 aperilem
586 518 620 587 iri
642 514 754 588 eddam
777 541 830 586 nos
853 515 959 588 uidere
983 517 1136 591 Historid.
1178 518 1246 590 Nee

105 648 234 721 minore
258 644 417 745 sapientia
436 641 512 714 alibi
529 641 578 738 (l)
602 638 780 712 Auditores
800 638 1026 712 adhortantem
1052 666 1127 713 eum
1152 640 1249 715 audi-

105 792 202 860 nus,
234 784 270 843 ut
302 794 341 841 eo
369 765 503 840 consilio
532 762 733 862 disciplinam
760 762 977 836 Christianam
1011 771 1192 863 cognoscant
1221 778 1251 836 et

105 915 187 986 auos
206 893 265 965 illo
286 891 458 963 seculorum
475 912 536 986 per
561 886 725 958 decursum
743 887 852 981 fecerit
870 910 1069 985 propressus,
1095 913 1155 986 quo
1179 912 1251 960 ma-

105 1009 181 1084 iore
206 1014 378 1112 Religionis
405 1010 608 1084 Christianae
637 1033 742 1082 amore
768 1008 950 1082 imbuantur
975 1023 1067 1107 atque
1089 1011 1124 1081 in
1149 1011 1250 1083 Deum

105 1130 331 1234 Christumque
363 1135 496 1232 pietate;
526 1139 592 1230 qud
622 1132 792 1208 deficiente
832 1157 933 1210 suero
958 1134 1135 1206 Ministerin
1168 1147 1249 1206 reete

105 1252 248 1330 >beando
262 1260 336 1330 ¹‘sint
360 1259 497 1355 impares
519 1256 624 1351 flaturi
646 1282 702 1327 nee
726 1257 760 1328 in
790 1282 824 1328 eo
850 1280 1039 1354 mapnopere
1055 1257 1246 1354 prophetari,

105 1394 215 1474 {unm
243 1381 432 1481 praesertim
457 1395 563 1478 peetus
587 1380 629 1452 sit
652 1379 734 1478 quod
763 1379 951 1477 Theolopum
975 1380 1086 1477 faeiat.

605 1607 754 1618 -----.

163 1750 232 1822 lain
260 1774 338 1821 vero
368 1773 444 1821 eum
480 1749 511 1819 in
541 1747 650 1821 locum
682 1762 793 1824 nostra
820 1751 901 1825 haec
936 1750 1066 1824 devenit
1092 1750 1248 1839 narratio,

105 1870 170 1945 uhi
197 1871 317 1945 Christi
338 1870 502 1945 Saeiatotis
528 1870 634 1971 qualis
657 1888 689 1946 et
718 1898 817 1974 quam
844 1874 1047 1973 praestabilis
1077 1875 1252 1947 Historiam

105 1988 213 2069 fuerit
247 1994 552 2094 Royaardsius,
586 1995 696 2095 paullo
732 1995 884 2069 disertius
918 1995 1149 2070 declarandum
1188 2008 1249 2069 est.

105 2113 239 2194 Verum
271 2119 301 2192 id
326 2145 423 2217 agere
451 2118 672 2192 instituentem
701 2118 827 2218 (quidni
857 2117 941 2191 enirn
967 2118 1102 2217 iatearl)
1129 2119 1173 2190 ita
1200 2143 1251 2191 me

105 2244 306 2316 meritorum
321 2244 406 2316 iilius
419 2244 450 2315 in
469 2243 532 2316 hoc
550 2266 671 2341 genere
688 2243 828 2316 varietas
848 2241 958 2316 obruit
975 2268 1013 2315 ac
1040 2242 1249 2341 magnitudo,

107 2380 150 2440 ut
182 2391 270 2466 quae
291 2367 410 2465 prima,
440 2391 526 2465 quae
550 2359 828 2466 deinceps,‘quae
848 2380 1012 2465 postrema
1040 2364 1249 2439 memoranda

108 2489 180 2562 sint
193 2490 338 2562 incertus
360 2490 428 2563 iere
452 2490 613 2563 haeream.
666 2491 740 2576 Qun
764 2515 805 2563 ex
819 2488 1022 2563 dubitatione
1040 2512 1106 2589 quo
1125 2488 1250 2562 felicius

106 2638 167 2686 me
201 2612 389 2711 expediam,
418 2613 575 2687 benevole
603 2614 739 2686 Lector!
767 2611 928 2685 concedas
953 2605 1030 2684 mihi
1061 2634 1140 2710 rogo
1166 2624 1250 2685 uta

110 2737 266 2810 familiari
294 2736 403 2836 aliqua
437 2736 625 2836 proficiscar
655 2735 859 2809 informanda
885 2735 1041 2833 imagine,
1066 2760 1107 2808 ex
1134 2741 1252 2807 natura

108 2861 216 2934 ducta
233 2861 303 2950 illa,
332 2874 431 2960 atque
451 2861 492 2934 ad
518 2884 585 2933 rem
613 2873 814 2959 praesentem
842 2859 1077 2949 illustrandam,
1103 2872 1140 2932 ut
1170 2857 1250 2931 mihi

109 2985 247 3085 quidem
277 2983 424 3073 videtur,
451 2983 705 3058 accommodata.

165 3110 228 3179 Est
245 3108 344 3205 igitur
361 3108 475 3206 ingens
491 3107 608 3207 aliquis
627 3132 713 3205 ager,
735 3112 851 3206 magna
864 3106 994 3207 quidem
1010 3104 1193 3181 laudandus
1208 3107 1251 3181 ab

113 3231 282 3318 ubertate,
303 3229 361 3303 sed
380 3233 474 3328 cujus
488 3230 558 3303 loca
580 3255 644 3301 non
660 3255 763 3329 pauca
783 3231 832 3302 vel
851 3230 978 3302 deserta
995 3228 1105 3302 adhuc
1123 3230 1250 3327 jacent,

114 3355 166 3427 vel
190 3354 367 3452 pleniorem
390 3369 478 3428 certe
502 3355 673 3454 requirunt
701 3355 873 3429 culturam.
924 3357 960 3426 ln
984 3380 1050 3454 quo
1073 3354 1143 3452 ipso
1171 3378 1250 3451 agro

115 3476 348 3574 locupletando
377 3476 426 3550 vel
449 3477 679 3577 amplificando
702 3478 790 3550 dictu
810 3477 940 3549 difficile
960 3490 1010 3549 est
1039 3499 1136 3575 quarn
1157 3476 1253 3548 variis

116 3599 222 3673 modis
244 3599 366 3673 utiliter
389 3600 508 3672 versari
535 3601 713 3699 possimus,
732 3625 831 3698 quarn
858 3599 984 3672 diversa
1001 3599 1251 3672 rationenostro

124 3776 290 3790 m

153 3899 201 3969 (1)
220 3896 287 3951 Vid.
313 3897 399 3967 Comp.
423 3896 496 3951 laud.
516 3897 593 3951 Fuso.
613 3897 654 3964 II,
676 3897 791 3969 praefat
816 3916 844 3970 p.
866 3895 953 3951 VIII.
967 3928 1001 3938 —
1018 3897 1055 3952 Et
1071 3896 1153 3970 hujus
1173 3903 1202 3951 et
1221 3893 1252 3949 it-

119 3996 170 4052 lius
190 3997 262 4063 loci,
284 3997 312 4051 in
332 3997 525 4069 compendium
546 3997 662 4065 redacti,
687 4014 820 4051 summam
842 4004 951 4051 tantum
974 3996 1104 4068 reposui,
1127 4012 1161 4049 ne
1181 3995 1252 4049 male

120 4096 323 4167 intelligeretur
339 4097 481 4151 obscurius
496 4096 571 4150 illius
587 4097 709 4150 dictum:
731 4096 794 4165 Apz't
810 4096 837 4148 in
850 4094 982 4164 Relipione
994 4094 1075 4160 Deus,
1092 4096 1119 4148 in
1134 4094 1253 4149 Ecclesia

121 4198 198 4251 tomo.
214 4228 250 4241 -
262 4196 325 4262 Quo
345 4197 433 4268 magis
454 4196 535 4250 velim
556 4204 631 4251 totus
649 4196 758 4266 legatur
779 4203 894 4265 uterque
914 4193 1000 4247 locus.
1031 4192 1125 4264 Atque
1141 4193 1195 4246 huc
1210 4210 1252 4247 ra·

124 4296 238 4368 apiciana
258 4296 502 4362 Oosterzdus,
525 4296 543 4348 l.
567 4296 581 4348 l.
603 4316 632 4367 p.
652 4301 718 4362 -175,
741 4312 796 4348 non
816 4293 899 4347 solius
916 4293 1048 4346 ecaterinae
1061 4292 1145 4347 fuisse
1163 4292 1253 4347 Amici

123 4397 207 4451 nostri
227 4396 413 4468 Theologiam
434 4415 498 4452 roro
517 4403 621 4463 monet,
645 4413 700 4449 non
715 4394 819 4448 Scholae
839 4393 926 4464 magis
948 4390 1143 4448 inservientem
1164 4390 1249 4460 illam,

126 4511 203 4566 quarm
226 4497 298 4550 uitae.
