2782 4958
127 314 168 375 40
612 328 769 372 trenorcii

126 497 235 582 ligiose
258 495 407 561 Hebraica
433 518 484 559 cos
515 496 698 573 reddidisse,
731 516 821 580 quam
851 498 1066 562 commentario
1095 501 1257 584 praemissa

127 611 274 676 Theuii
296 610 459 695 disputatio
482 609 608 695 probare
631 608 781 675 studebat.

9 983 12 991 =
110 967 111 970 ’
173 950 335 1023 Quomodo
363 951 503 1015 universe
534 949 642 1014 horum
668 948 814 1014 librorum
836 950 869 1013 iu
891 948 1138 1032 interpretatione
1161 968 1262 1012 versu·

129 1073 180 1132 tus
199 1067 240 1131 sit
256 1064 451 1151 Explanator,
469 1065 496 1128 si
519 1065 714 1148 quaesiverim
737 1063 841 1149 paucis
860 1061 935 1127 mihi
955 1061 1181 1146 defungendum
1200 1069 1259 1126 eet.

128 1182 167 1245 In
197 1180 347 1265 plerisque
377 1181 473 1264 igitur
501 1178 675 1243 historicam
701 1179 783 1242 illam
806 1200 842 1243 ac
867 1180 1093 1265 grammaticam
1121 1179 1263 1262 sequitur

128 1296 296 1370 rationem,
329 1293 415 1376 enjus
437 1296 589 1382 ἀκρίβεια
611 1314 671 1357 uon
695 1294 846 1357 immerito
877 1292 1028 1378 hodieque
1051 1291 1167 1356 laudari
1191 1312 1263 1355 con·

129 1408 243 1474 suevit.
290 1406 537 1473 Riietschius
558 1408 681 1493 quidem
704 1408 836 1473 ideolem
858 1407 909 1471 hic
932 1406 1081 1470 desiderat
1098 1427 1133 1470 ao
1148 1406 1263 1470 tteelo·

129 1524 232 1610 picem
254 1523 544 1608 interpretationem.
578 1522 669 1595 Quod
691 1509 764 1588 uero
786 1525 880 1587 miror
899 1522 1039 1607 equidem
1057 1521 1194 1607 iniquius
1215 1523 1263 1606 ip·

130 1634 290 1702 aius'adco
312 1637 475 1703 laudatoris
495 1639 656 1723 judicium.
703 1639 785 1703 Nam
807 1637 918 1703 idealie
939 1636 1014 1720 quid
1038 1634 1097 1699 sibi
1120 1634 1194 1700 velit
1217 1636 1265 1699 iu·

131 1752 319 1837 terpretatio‚
345 1753 408 1837 ipse
430 1753 551 1832 melius,
576 1773 667 1837 qnam
689 1773 759 1838 ego,
783 1752 922 1831 noverit;
945 1751 1120 1836 theoloqieo,
1139 1750 1167 1812 si
1185 1750 1264 1814 forte

132 1864 204 1930 alibi
232 1866 417 1950 requiratur,
449 1866 486 1931 ab
508 1866 600 1950 hujus
622 1871 705 1930 certe
727 1866 908 1932 Eeobire’die'
936 1863 1063 1928 consilio
1089 1861 1264 1947 finibusque

133 1981 220 2065 plana
242 1980 467 2046 excludebatur.
488 2016 530 2030 -
547 1980 658 2058 Multa,
683 1983 759 2065 quin
782 1980 911 2067 plurima
925 1978 1068 2044 brevibus
1088 1979 1265 2063 complexus

134 2097 270 2171 Auctor,
302 2099 364 2159 tam
395 2097 514 2160 concise
544 2097 681 2181 scripsit,
710 2100 747 2160 ut
769 2096 907 2160 tenuium
929 2095 1031 2178 potius
1053 2093 1263 2174 debeltorum,

134 2227 227 2290 quam
247 2208 323 2292 justi
351 2206 568 2274 Commentceie‘
587 2209 733 2276 rationem
758 2208 939 2272 aetermam
964 2208 1072 2273 habeat
1094 2210 1262 2273 annotatio.

135 2319 221 2392 Quae
244 2343 315 2387 vero
338 2323 421 2387 illius
443 2320 577 2387 brevitas
599 2323 696 2407 magis
718 2324 808 2387 etiam
832 2321 979 2389 laudanda
1000 2324 1091 2400 foret,
1113 2323 1174 2387 nisi
1197 2310 1275 2388 sub-⁴

135 2437 206 2501 iude
236 2438 346 2503 inculti
373 2438 445 2522 quid
469 2444 559 2523 atque
582 2438 704 2502 obscuri
726 2437 786 2502 sibi
808 2437 986 2522 adjunctum
1014 2435 1148 2502 haberet.
1198 2438 1266 2502 Etsi

136 2553 217 2615 euim
239 2553 379 2616 universe
402 2553 502 2617 miuus
525 2573 623 2636 saepe,
648 2573 739 2635 quam
761 2551 973 2635 Hitzigius
996 2550 1119 2634 aliique,
1140 2552 1193 2634 qui
1213 2552 1267 2615 ho·

135 2663 184 2726 die
207 2662 408 2741 celebrantur,
433 2666 631 2750 Interpretes,
658 2664 738 2729 clare
760 2685 794 2728 ao
815 2665 971 2749 perspicue
994 2663 1144 2727 scribendi
1168 2665 1268 2728 officio

137 2775 235 2839 defuit
256 2776 449 2860 Thenius;
475 2777 584 2842 vellem
607 2782 708 2841 tamen
730 2778 808 2863 apud
831 2778 930 2862 ipsum
946 2778 1038 2842 etiam
1056 2776 1157 2842 nullae
1171 2778 1205 2842 8.
1224 2777 1263 2845 O.

135 2890 272 2956 locorum
288 2892 553 2978 interpretationes
567 2896 730 2968 exstarent,
749 2912 875 2976 quarum
891 2911 926 2953 ea
941 2891 981 2953 sit
997 2888 1176 2966 obscuritas,
1192 2912 1269 2974 quae

138 3005 194 3066 sub
210 2989 310 3067 denuo
325 3005 390 3068 vice
406 3005 583 3090 interpretis
598 3027 718 3089 operam
732 3006 878 3090 requirat.
904 3003 994 3068 Unde
1015 3003 1052 3067 fit
1074 3002 1203 3068 subinde
1217 3011 1266 3080 ut,

139 3121 270 3202 urgente
289 3140 324 3182 ac
335 3118 519 3203 propellente
536 3119 671 3200 librario,
689 3120 791 3185 limam
803 3119 886 3203 operi
900 3117 1036 3183 adhiberi
1057 3140 1119 3183 non
1133 3121 1270 3203 potuisse

140 3232 310 3316 suspiceris.
325 3268 370 3279 -
382 3233 482 3298 Multa
489 3235 598 3319 passim
610 3235 703 3299 tacite
714 3239 956 3319 praetereuntur,
970 3254 1046 3316 quae
1057 3231 1270 3298 Hebraeorum

140 3368 179 3410 ex
198 3348 391 3432 antiquitate,
409 3370 485 3434 quae
503 3350 683 3434 populorum
701 3349 902 3414 Orientalium
921 3369 958 3412 ex
980 3347 1116 3414 moribus
1135 3355 1166 3413 et
1185 3351 1272 3414 iusti-

140 3462 228 3537 tutis,
244 3481 320 3546 qnae
336 3447 402 3528 aliis
418 3485 455 3526 ex
466 3462 601 3528 fontibus
613 3465 757 3529 illustrari
770 3464 818 3528 vel
836 3464 1013 3542 debuerant,
1028 3465 1075 3529 vel
1095 3472 1177 3530 certe
1190 3488 1270 3532 com·

141 3577 228 3640 mode
243 3582 414 3661 potuerant.
439 3577 535 3662 Cujus
547 3581 666 3663 generis
676 3580 845 3644 utilissimis
867 3579 1177 3644 animadversionibus
1192 3583 1271 3645 inse·

142 3693 244 3755 rendis
258 3684 344 3756 locus
361 3693 493 3777 profecto
510 3714 570 3757 non
583 3695 739 3767 defuisset,
761 3696 788 3758 si
800 3696 901 3760 minus
922 3697 1098 3771 necessaria,
1115 3696 1206 3761 idest
1223 3719 1269 3777 ea,

142 3825 219 3887 quae
236 3805 348 3870 nullam
372 3806 568 3891 requirebant
582 3807 822 3892 explicationem,
836 3810 1027 3895 explicantia,
1042 3832 1185 3896 seponere
1206 3811 1272 3895 pla·

144 3921 268 3982 cuisset.
295 3919 421 4001 Verum,
440 3923 510 4006 quia
526 3921 671 3987 nonnulla
687 3922 798 4000 desint,
814 3947 848 3988 ea
865 3945 940 4008 quae
956 3929 1037 3988 recte
1050 3926 1131 3989 dicta
1147 3925 1269 4002 adsunt,

143 4031 243 4115 qualia
253 4031 303 4095 hic
313 4034 472 4117 permulta,
485 4037 549 4100 suis
557 4037 731 4102 defraudare
739 4038 880 4104 laudibus
895 4040 1001 4123 injusti
1009 4060 1081 4104 sane
1090 4042 1130 4103 sit
1143 4032 1269 4125 judicis.

189 4146 349 4212 Caeterum
380 4150 460 4233 quod
490 4152 684 4218 affirmantem
709 4153 849 4218 andimus
870 4153 1146 4236 Riietschium,
1177 4155 1275 4219 multa

66 4338 77 4362 .
145 4261 197 4326 hle
219 4285 296 4328 nova
320 4268 442 4350 reperiri
466 4269 628 4353 eademque
647 4270 823 4344 verissimae
847 4270 881 4332 iu
896 4270 1120 4355 arebaeelopc‘ee
1140 4274 1222 4334 certe
1239 4291 1274 4334 ao

144 4379 347 4465 peoqraplaica
370 4381 445 4447 hano
468 4384 586 4449 laudem
609 4386 770 4450 convenire
786 4390 868 4470 puto.
905 4384 967 4449 Ubi
987 4386 1135 4471 imprimis
1150 4386 1182 4448 iu
1201 4406 1273 4448 cerr·
