2782 4958
509 352 549 395 nu
573 350 675 395 traam
700 349 896 394 antinoum.
1207 332 1269 394 117

116 523 256 600 eodem,
280 520 478 595 narravimus,
501 540 562 585 nou
585 517 672 588 nobis
688 524 809 604 accepta
833 517 987 582 referenda
1006 521 1094 597 suut,
1117 518 1169 583 sed
1193 517 1270 585 Viro

111 637 253 717 potius,
273 656 362 720 quem
383 635 529 710 diximus,
549 631 712 717 plurimum
731 632 899 697 venerando
919 653 953 696 ae
976 633 1193 698 litteratissime
1207 634 1266 720 (1).

170 969 261 1056 Pap.
288 973 350 1036 807
373 973 403 1033 et
425 979 531 1034 armat.
555 969 693 1045 linitio,
718 969 925 1052 Praeceptoris
952 969 1130 1032 sententiam
1156 989 1269 1031 memo·

101 1083 214 1164 ravi,
238 1081 512 1150 Nedrrlaudorum
534 1104 622 1148 nsum
653 1084 825 1160 laudantis,
850 1105 911 1168 quo
941 1105 990 1160 ea,
1022 1105 1098 1167 quae
1124 1105 1208 1148 sacro
1231 1105 1268 1147 ex

98 1199 251 1284 pulpito
278 1197 426 1263 audienda
452 1197 546 1263 tradit
572 1198 727 1275 Antiates,
750 1199 794 1262 rei
818 1189 1041 1262 accommodata
1061 1219 1134 1263 voce
1156 1220 1267 1263 verua-

99 1313 218 1390 cmlA,
240 1313 316 1377 acite
335 1317 425 1396 atque
448 1317 515 1397 apte
543 1324 737 1398 comparatae
765 1314 808 1376 ad
835 1313 1002 1403 daramium
1026 1312 1174 1397 appellant
1194 1318 1269 1378 'oru-

95 1431 234 1495 tiomee.
282 1426 353 1500 oua
380 1428 413 1490 in
444 1447 476 1490 re
498 1433 530 1490 et
559 1425 645 1490 illum
676 1431 707 1489 et
734 1447 780 1488 me
800 1425 913 1511 (neque
935 1427 1016 1490 enim
1044 1427 1132 1491 aliter
1157 1428 1267 1512 sentio)

99 1543 372 1609 consentientem
395 1539 504 1605 habere
529 1541 658 1625 cognovi
689 1538 904 1604 Samuelem
927 1538 1146 1620 Mullorum,
1168 1541 1269 1604 Theo·

99 1655 236 1745 logum
269 1657 498 1744 gravissimum,
532 1655 622 1738 eujus
651 1655 685 1717 in
714 1653 797 1717 omni
832 1673 865 1716 re
891 1653 1063 1718 tomiietuct
1091 1676 1201 1740 magna
1222 1661 1268 1719 eet

103 1772 308 1838 auotoritas.
353 1769 411 1836 Sed
446 1769 569 1833 omnino
595 1789 643 1831 me
664 1767 786 1832 laudare
814 1770 989 1850 oportuerat
1014 1788 1090 1852 quae
1113 1771 1149 1833 et
1175 1769 1218 1833 de·
1236 1790 1268 1835 re

104 1881 178 1952 hio
195 1886 282 1971 ipse,
295 1884 465 1971 tteoiopiaia
479 1883 511 1946 in
529 1882 690 1970 Symbotir,
706 1879 824 1967 copiose
844 1884 876 1944 et
891 1886 1034 1947 accurate
1048 1881 1218 1967 docuerat(
1242 1882 1266 1970 ).

169 2221 258 2308 Pap.
287 2226 371 2302 329,
405 2224 437 2286 in
470 2221 632 2287 Addrudia
658 2231 747 2306 atque
777 2220 1007 2297 Emeudaudit,
1038 2224 1073 2282 ut
1099 2217 1179 2282 binis
1202 2219 1265 2302 jam

112 2331 205 2399 loeis
237 2315 333 2400 relata
346 2336 532 2422 supplerem,
554 2338 659 2421 plura,
684 2358 760 2428 quae
784 2336 921 2402 Carraria
944 2333 1106 2400 Censorem
1124 2335 1157 2397 in
1177 2355 1265 2419 opere

113 2449 326 2516 Olarirsio
357 2450 406 2515 rel
433 2456 515 2516 certo
538 2450 586 2515 vel
619 2448 997 2536 probabiliter'tribuenda
1020 2451 1099 2526 sint,
1133 2448 1267 2513 breviter

115 2564 305 2629 memoravi.
340 2564 399 2629 Hir
419 2585 489 2630 vero
509 2566 631 2628 omnino
650 2565 819 2650 adjicienda
836 2586 899 2628 esse
920 2564 1086 2629 Reiberi
1109 2565 1272 2629 Meditata¹

114 2676 274 2776 nonnulla
296 2679 426 2763 praetioa
447 2684 479 2744 et
501 2680 698 2765 apologetioa‚
725 2685 825 2764 postea
846 2679 919 2743 mihi
943 2679 1094 2742 constitit.
1143 2676 1263 2743 Horum

115 2792 209 2856 enim
232 2793 430 2878 interpretem
450 2795 514 2878 ipse
537 2815 569 2857 ee
591 2794 742 2878 protessus
764 2800 810 2857 eet
836 2794 1019 2878 theologus,
1046 2814 1139 2878 eaque
1161 2794 1263 2879 magni

116 2925 158 2970 ne
180 2907 281 2972 faeere
303 2906 474 2975 luculenter
492 2907 636 2973 ostendit.
669 2907 789 2992 Singuli
811 2908 933 2973 illorum
953 2910 1011 2973 loai
1037 2910 1147 2996 (dicam
1167 2911 1261 2987 euim,

117 3031 160 3086 ut
176 3022 248 3105 quis
259 3022 286 3085 ai
297 3023 386 3102 forte,
405 3027 653 3108 argumentorum
670 3023 818 3106 gravitate
830 3022 968 3100 allectus,
987 3024 1023 3086 ad
1036 3024 1156 3109 legendi
1172 3045 1263 3108 quae-

116 3133 252 3198 rendam
274 3136 529 3220 opportunitatem
551 3135 738 3221 impellatur)
762 3135 809 3199 his
835 3137 1067 3222 distinguuntur
1088 3139 1262 3223 inscriptio·

115 3247 236 3313 nibus:
263 3249 417 3314 Deua-
443 3249 545 3316 Cadra·
567 3273 652 3317 aaaar
675 3285 715 3298 ·-
743 3248 832 3315 Deae
855 3251 961 3327 Pater,
982 3253 1101 3329 utras,
1124 3252 1261 3338 Spiritus
1325 3260 1328 3263 ’

119 3359 258 3426 &uetur
285 3398 322 3412 -
358 3361 476 3428 Mundi
500 3367 633 3442 creatio,
652 3369 859 3440 auatmtatio,
880 3366 1058 3449 patermutio
1079 3402 1120 3417 ·-
1143 3368 1258 3435 Perea-

117 3485 191 3541 tu‘m
211 3514 254 3523 -
277 3476 450 3542 Hominum
468 3499 528 3562 per
549 3477 701 3545 Christum
727 3481 905 3544 instauratio
929 3478 988 3566 (3).

120 3705 276 3718 b—-q

162 3855 199 3916 (1)
218 3854 312 3906 Etutam
327 3871 386 3920 pap.
404 3861 462 3906 292.
480 3873 503 3906 u.
524 3862 548 3918 5,
566 3870 612 3920 pro
629 3870 692 3906 voce
709 3855 865 3906 aradimtiauar
883 3858 993 3908 seribere
1010 3864 1123 3923 praestat
1138 3857 1257 3918 meditata.

130 3946 176 3999 cui
192 3950 273 4014 igitur
289 3950 424 3999 mutationi
441 3965 487 4011 ea,
512 3964 576 4014 quae
593 3950 643 3998 hue
661 3949 823 4009 referuntur,
850 3952 950 4012 periodi
973 3953 1049 4000 verba
1066 3952 1256 4015 attemperanda

131 4051 181 4090 mse
197 4047 286 4104 sponte
303 4040 462 4102 intelligitur.
497 4041 584 4104 Atque
605 4042 665 4091 alibi
687 4043 763 4092 etiam
781 4044 802 4093 ai
820 4043 884 4093 forte
907 4044 973 4094 idem
994 4045 1123 4108 irrepserit
1139 4044 1258 4094 soloecis·

131 4145 197 4191 mm,
215 4132 316 4183 lectoria
333 4147 392 4182 eum
410 4135 527 4183 emendet
544 4133 719 4183 benevolentia
737 4135 825 4183 veiim.
1268 4142 1269 4146 ’

163 4223 201 4288 (2)
218 4225 279 4277 Via.
295 4226 330 4276 ol.
348 4223 376 4276 S.
388 4224 524 4285 Muller,
542 4204 569 4276 in
587 4240 629 4291 op.
648 4240 721 4276 vern.
741 4223 898 4292 Godpeloarde
916 4226 1063 4295 Baj'drapm,
1081 4226 1123 4279 od.
1142 4245 1166 4279 a.
1180 4233 1254 4291 1843,

134 4329 156 4378 p.
173 4319 312 4370 rra-ooo.

164 4409 199 4472 (³)
216 4410 287 4463 Haec
305 4425 427 4463 conversa
445 4419 545 4464 exstant
563 4411 684 4463 Medium
701 4414 728 4463 iu
747 4413 869 4479 Ephem.r
886 4415 926 4466 Dr
938 4415 1082 4478 Rocam'mt,
1100 4431 1121 4466 a.
1142 4414 1166 4467 d.
1184 4415 1255 4467 Rem.
