2782 4958
209 337 272 398 136
693 354 848 399 mnnonnu

204 521 337 600 raritate,
356 522 506 585 neminem
523 521 628 598 fuisse,
645 543 735 605 quem
754 520 877 604 quidem
900 520 1113 603 consuluerim,
1133 524 1333 610 Interpretem,

206 639 351 721 quicum
374 640 410 701 et
441 635 593 700 simillime
621 636 814 721 compositam
838 656 943 700 vocem
966 637 1128 716 conferret,
1154 642 1230 722 qut,
1255 641 1336 725 ipsius

207 751 298 836 hujus
320 753 501 837 Proteuang.
527 751 597 835 Cap.
626 751 698 825 llll,
724 751 822 814 utitur
846 751 968 832 Auctor,
992 750 1047 816 ubi
1069 754 1334 822 nostraaucto-

209 894 265 944 νος
285 865 330 950 (1)
355 865 402 930 vel
437 871 473 933 τὸ
509 867 613 935 δ-ον
646 863 871 950 hyacinthinam
904 870 1008 930 notare
1042 866 1165 931 videtur
1192 869 1334 932 Pontificio

209 985 283 1048 Max.
308 983 442 1046 tunicam
464 980 600 1063 talarem,
626 981 713 1065 cujus
743 979 870 1044 fimbriis
891 981 1051 1056 duodecim,
1086 981 1170 1064 quod
1194 981 1333 1066 probabile

210 1104 266 1169 est,
292 1117 407 1160 anne-ca
434 1105 520 1160 mant
551 1097 771 1161 dictionodal.
820 1095 891 1158 llihi
922 1095 1045 1178 quidem
1074 1097 1209 1181 suspicio
1232 1097 1333 1181 pridem

209 1216 272 1274 erat
294 1216 374 1285 nata,
400 1215 502 1274 nostro
525 1211 592 1294 Cap.
618 1210 630 1272 l
652 1209 732 1284 loco,
756 1208 879 1273 forsitan
906 1209 1055 1273 levissima
1077 1210 1260 1287 mutatione,
1283 1215 1333 1275 unt

209 1325 323 1388 insertd
346 1322 492 1404 litterula,
519 1323 680 1409 legendum
702 1344 765 1387 esse
788 1325 1046 1406 detinuerunt,
1072 1345 1135 1406 quo
1162 1325 1334 1389 commodius

210 1437 243 1501 id
266 1439 457 1503 enuntiatum
478 1439 517 1503 iri
540 1437 693 1524 putabam,
718 1438 799 1521 quod
816 1438 865 1502 hlc
885 1438 1048 1522 significari
1066 1437 1209 1503 debebat.
1242 1441 1332 1503 Veron

212 1573 295 1616 nunc
318 1574 335 1615 a
357 1552 591 1617 commendanda
613 1574 662 1616 me
684 1552 796 1616 retinet
817 1551 991 1636 conjectura
1012 1552 1093 1615 vocis
1117 1551 1252 1633 collatio,
1271 1574 1334 1636 qnae

212 1665 348 1748 aelidem,
365 1688 455 1750 quam
478 1666 599 1753 vulgata
616 1668 685 1750 Cap.
705 1664 835 1741 llectio‚
855 1663 1022 1750 analogiam
1045 1663 1137 1728 habet
1158 1666 1334 1750 partiumque

214 1781 471 1865 compositionem.

260 2118 400 2202 &eadm
422 2119 539 2198 Capitis
559 2141 659 2185 cereres
668 2124 776 2205 finem,
793 2121 868 2184 mira
882 2119 982 2204 aliqua
997 2141 1045 2183 me
1063 2120 1195 2184 advertit
1214 2118 1336 2184 lectionis

217 2233 427 2318 discrepantia,
452 2255 514 2298 non
537 2234 580 2299 ita
602 2241 700 2300 tamen
724 2237 824 2320 gravis
845 2234 909 2298 illa.
946 2238 988 2300 De
1011 2233 1165 2299 loachimo
1188 2236 1268 2300 enim
1281 2254 1336 2296 nar·

216 2351 332 2412 nantem
355 2348 493 2412 audimus
516 2349 720 2413 Suckouii
743 2349 923 2414 editionem:
958 2355 1012 2416 καὶ
1041 2354 1098 2419 oda
1125 2355 1267 2435 ἐνεφάνη
1288 2348 1336 2414 oda

218 2471 259 2548 τῇ
282 2469 416 2546 γυναικὶ
441 2466 553 2531 αὐτοῦ.
603 2465 654 2527 Sic
683 2464 765 2527 enim
787 2485 842 2527 suo
864 2465 898 2527 in
923 2463 1031 2528 Codice
1052 2461 1111 2527 sibi
1142 2461 1250 2547 legisse
1269 2462 1339 2524 visus

218 2581 298 2652 erat;
323 2597 378 2640 neo
401 2575 487 2641 aliter
508 2575 671 2662 legendum
692 2575 860 2642 esseillius
885 2582 1006 2641 strenue
1037 2581 1153 2662 pugnat
1182 2575 1337 2640 annotatio.

217 2691 326 2753 Verum
355 2710 491 2774 perverse
521 2688 634 2754 lectum
664 2690 763 2754 locum
795 2696 884 2774 atque
917 2691 1032 2755 editum
1062 2691 1169 2755 acriter
1192 2693 1222 2754 ei
1248 2689 1341 2773 objicit

218 2802 344 2866 Tisch.
369 2804 424 2885 (t).
473 2801 538 2887 ldgo
569 2804 690 2887 quidem
727 2805 870 2870 Venetam
895 2805 1087 2870 Marcianum
1114 2807 1264 2889 inspicere
1290 2824 1342 2866 non

219 2917 319 3002 potui,
354 2937 450 2999 neque
482 2917 577 3002 igitur
609 2917 692 2982 illius
724 2919 760 2983 de
793 2921 941 3004 scripturt
972 2920 1119 3001 judicare.
1169 2919 1344 2998 Ia‘paz'enaem

219 3035 318 3094 tamen
334 3029 454 3095 laudare
470 3053 531 3094 non
547 3030 653 3096 dubito
670 3032 815 3096 Criticum
830 3032 862 3096 id
879 3032 1030 3114 edentem,
1044 3032 1126 3115 quod
1142 3037 1173 3095 et
1190 3030 1345 3096 multorum

199 3146 342 3212 testium
375 3146 408 3208 in
438 3147 614 3211 auctoritate
644 3147 825 3231 praesidium
858 3146 948 3211 habet
977 3153 1008 3211 et
1040 3148 1073 3210 in
1103 3153 1213 3210 Annae
1245 3146 1344 3224 dictis,

220 3259 357 3343 proximo
381 3258 448 3342 Cap.
474 3256 499 3321 ll
520 3257 626 3323 acerbe
648 3259 685 3323 de
708 3262 763 3323 sun
785 3265 964 3343 conquestae
987 3259 1144 3324 viduitate.
1198 3259 1286 3323 Plane
1310 3258 1348 3322 di·

222 3391 339 3435 versum
362 3373 444 3437 enim
468 3371 524 3437 hoc
546 3372 633 3438 nobis
656 3373 818 3459 legendum
832 3375 968 3459 impertit
987 3374 1126 3438 Auctoris
1147 3373 1284 3438 dictum:
1299 3377 1347 3440 acl

223 3487 279 3553 oda
305 3491 408 3573 ἐφάνη
432 3495 472 3572 τῇ
496 3494 629 3569 γυναικὶ
654 3493 761 3555 αὑτοῦ.

268 3829 326 3893 Sed
350 3828 422 3892 haec
446 3831 581 3908 quamvis
605 3851 710 3914 pauca,
736 3838 823 3916 atque
839 3855 875 3898 ex
886 3833 984 3911 primo
1007 3832 1104 3897 solnm
1126 3835 1234 3920 scripti
1256 3835 1352 3914 Capite

258 4055 295 4116 (1)
315 4053 352 4104 Ec
369 4057 394 4105 in
414 4056 488 4119 hujus
504 4065 528 4107 et
547 4058 573 4106 in
591 4064 691 4108 nostrae
710 4060 779 4108 vocis
800 4074 884 4123 ponere
903 4061 1014 4108 notendo
1033 4058 1096 4107 miro
1113 4066 1208 4107 nutant
1226 4059 1350 4108 Proleaun·

224 4147 280 4213 pelli
296 4147 373 4198 codd.
410 4149 510 4200 Verum
529 4149 595 4199 Actt.
621 4150 688 4214 App.
711 4151 812 4200 XXVI.
838 4153 850 4200 7
877 4166 924 4200 nec
943 4147 1066 4200 Griosb.
1089 4163 1137 4198 nec
1159 4147 1286 4201 Schola.
1311 4163 1350 4199 nce

224 4241 331 4292 Tisch.
360 4243 437 4294 ullam
463 4243 556 4308 pencris
581 4245 773 4308 discrepantiam
801 4249 984 4295 memorarunt.
1019 4245 1149 4294 Videntur
1175 4247 1254 4308 igitur
1270 4257 1349 4293 omnes

224 4343 304 4383 neutro
321 4350 378 4398 gen.
397 4337 527 4400 scripsisse
545 4335 579 4386 τὸ
598 4336 701 4387 dodau.
739 4337 814 4400 Quod
833 4345 919 4388 nostro
938 4339 1012 4388 ctiam
1032 4339 1089 4389 loco
1106 4339 1278 4403 praetulerim.

260 4428 296 4489 (2)
315 4427 436 4477 Conament.
457 4428 528 4494 Ilop.
548 4444 572 4492 p.
592 4435 651 4479 204.
