2782 4958
130 356 193 415 188
476 368 623 410 annnnoa
649 366 684 408 ur
709 367 911 409 enuuuuuuu.

131 540 225 603 luerit
253 558 378 611 nomen;
409 536 482 599 haee
505 557 542 599 ex
565 536 620 608 iis,
652 555 727 619 quae
758 534 890 599 breviter
920 556 975 598 nos
1007 533 1050 619 (p.
1079 537 1152 599 10⁷.
1177 536 1246 598 103

132 653 316 729 monuimus,
341 651 428 714 facile
451 652 652 734 corrigentur.
701 649 860 713 Caeterum
893 651 930 714 de
961 649 1051 733 hujus
1081 650 1190 725 indole,
1214 666 1253 711 a:

131 767 265 852 epistolis
295 764 447 843 elucente,
479 765 566 850 plura
597 765 671 827 dicit
702 767 813 829 uostris
837 787 906 830 cum
929 765 1253 831 animadversionibus.

131 883 235 947 eodem
257 905 293 946 ex
317 882 399 945 fonte
422 881 549 957 haustis,
575 881 662 965 plane
686 882 887 945 concinentia.
936 885 1038 963 Atque
1062 879 1167 944 harum
1184 882 1253 964 epis-

129 996 258 1061 tolarum
281 996 318 1059 de
341 1001 519 1080 argumento
542 1016 575 1057 ae
597 995 694 1079 pretio
725 996 863 1058 universe
893 996 1106 1058 assentientem
1138 1016 1184 1057 me
1205 994 1254 1056 ha·

129 1111 199 1176 bere
222 1112 333 1176 Virum
357 1111 563 1175 acutissimum
587 1109 714 1172 laetatus
737 1131 816 1173 sum.
865 1108 1055 1193 Quamquam
1087 1108 1187 1193 paullo
1215 1131 1253 1172 se·

128 1227 240 1301 verina,
267 1246 356 1309 qnam
379 1245 436 1308 ego
459 1224 629 1288 laciendum
644 1232 830 1308 putaveram,
848 1226 885 1290 de
907 1225 1253 1290 Schleiermacherc

125 1341 312 1424 judicantem
336 1361 404 1403 eum
427 1339 578 1402 audimus.
626 1340 721 1423 Cujus
737 1340 924 1404 familiariter
943 1342 1034 1404 dictis
1048 1360 1115 1404 eum
1133 1339 1253 1404 subinde

128 1455 255 1520 abusum
278 1476 353 1530 esse,
379 1459 469 1518 eruut
491 1454 614 1517 tortasse
638 1455 776 1519 nonnulli
799 1457 851 1538 qui
884 1461 1119 1538 conquerantur.
1167 1452 1243 1525 Quie

128 1570 202 1654 quid
225 1570 277 1643 sit,
310 1574 346 1633 ut
368 1570 443 1632 meis
466 1589 534 1632 oum
558 1568 865 1633 animadversionibus
895 1569 1051 1634 Colanii
1083 1568 1160 1631 hano
1191 1589 1248 1631 con

127 1687 224 1748 ierant
246 1683 421 1748 relationem
445 1688 566 1768 rogatos
588 1683 657 1746 volo
680 1683 822 1747 lectores.

173 1799 240 1862 Neo
264 1797 385 1861 alteram
409 1801 594 1882 comparasse
618 1819 668 1861 eos
690 1797 856 1882 poenitebit
871 1820 1038 1874 censuram,
1059 1818 1147 1880 quae,
1167 1817 1253 1881 quur:

127 1915 217 1977 etiam
239 1914 302 1998 ipsa
326 1914 423 1976 serius
446 1913 520 1977 mihi
544 1915 723 1989 innotuerit,
751 1913 801 1977 hic
824 1913 955 1977 breviter
986 1912 1177 1977 memoranda
1199 1917 1253 1973 est

127 2030 248 2093 Monita
270 2028 422 2114 significo,
448 2050 524 2112 quae
548 2028 832 2114 Hagenbachii
855 2031 887 2092 in
919 2030 1036 2104 Diario,
1068 2027 1253 2091 Reformato

126 2165 193 2208 rum
216 2142 369 2206 Ecclesiae
392 2142 566 2207 Helveticae
590 2144 738 2208 destinato
764 2146 826 2228 (1),
852 2145 970 2229 prodita
985 2152 1068 2218 sunt,
1085 2166 1119 2207 ae
1135 2145 1253 2207 fortnas

126 2261 226 2344 ipsum
249 2257 334 2322 illum
358 2264 520 2336 auctorem,
535 2257 646 2323 hahent
661 2259 770 2323 Virum
793 2261 1004 2323 clarissimum.
1048 2257 1253 2344 Praefatioo‘.

125 2372 179 2437 uhi
202 2373 331 2457 pretium
355 2371 455 2436 laudat
478 2372 667 2448 historicum,
693 2374 800 2437 iisdem
823 2376 897 2450 lere,
923 2373 1032 2457 quibus
1055 2395 1124 2459 ego,
1145 2372 1253 2457 gravi:

126 2488 220 2549 simus
236 2487 285 2550 hic
307 2486 420 2549 Censor
445 2486 543 2550 verbis
566 2490 665 2551 utitur
688 2509 722 2551 ac
745 2487 956 2551 locutionibus,
999 2490 1100 2571 Atque
1120 2489 1253 2551 univers

126 2601 274 2686 permulta
297 2601 384 2676 dicit,
409 2622 574 2683 quaecum
598 2625 651 2687 per
674 2626 705 2665 se
729 2600 932 2665 memorabilia
957 2603 1031 2679 sint,
1057 2607 1124 2665 tum
1140 2602 1176 2664 ad
1199 2600 1253 2663 le:

127 2722 207 2779 tores
230 2713 307 2777 libro
331 2715 533 2778 conciliandos
558 2717 642 2780 valde
666 2717 896 2780 accommodata.

549 2998 618 3038 rao.
649 2976 838 3038 lul—136.

171 3177 232 3242 Ubi
256 3178 293 3241 de
323 3178 457 3249 Pauli,
491 3176 637 3261 Theologi
670 3173 949 3259 Heidelbergensis‚
983 3169 1135 3234 curriculo
1165 3174 1253 3252 atqu«

125 3292 210 3356 obitu
234 3313 328 3377 pauca
358 3293 433 3365 dixi,
467 3291 563 3354 adhuc
595 3291 680 3373 plane
710 3291 849 3373 ignotum
882 3285 954 3349 mihi
984 3289 1047 3347 erat
1070 3304 1162 3367 opus,
1198 3303 1253 3367 qur

125 3408 189 3490 ejus
225 3408 316 3470 vitam
350 3409 485 3469 narratsae
520 3410 621 3489 postea
656 3405 774 3467 demum
810 3401 941 3485 comperi
978 3398 1253 3462 Reichliniun

125 3520 407 3607 Meldeggium,
434 3517 644 3603 Philosophiae
667 3520 699 3580 in
723 3517 885 3582 Academia
906 3512 1158 3596 Heidelbergensi
1183 3512 1253 3577 Pro·

125 3636 264 3698 sessorem
295 3635 482 3718 eundemque
514 3633 670 3697 memorati
700 3632 858 3716 Theologi,
892 3650 1022 3713 quocum
1053 3628 1089 3690 dc
1112 3627 1253 3690 universb

124 3750 299 3834 disciplinae
323 3757 441 3815 nostrae
464 3752 581 3813 ratione
603 3749 689 3833 plane
714 3744 931 3818 consentiebat,
965 3744 1106 3808 Amicum
1132 3740 1253 3804 familia·

125 3884 199 3927 rem.
250 3862 340 3935 Quod
363 3888 433 3928 sane
457 3887 543 3948 opus,
569 3866 594 3927 si
618 3869 676 3938 tot,
702 3868 776 3946 quot
799 3860 957 3944 profitetur
980 3857 1097 3932 Editor,
1117 3853 1253 3938 epistolas

126 3977 272 4052 eontinet,
298 3977 333 4039 ad
357 3977 524 4041 Paulum
548 3999 564 4039 a
588 3975 761 4039 clarissimis
780 3971 949 4057 quibusque
973 3971 1055 4033 datas
1079 3971 1253 4033 Germaniae

17 4152 22 4158 ,
125 4092 220 4171 Viris,
247 4115 306 4156 non
332 4093 367 4155 ad
391 4093 475 4156 illum
500 4098 628 4169 tautum,
662 4092 713 4154 sed
744 4090 780 4153 ad
814 4089 868 4152 hos
890 4108 1010 4170 quoque
1035 4085 1154 4170 plenius
1178 4108 1253 4170 cog·

158 4462 193 4521 (l)
216 4460 436 4526 Kirolionbluttsr'r'r·
455 4463 492 4512 uia
511 4463 618 4527 Referunt.
637 4462 753 4519 Scironia,
776 4466 848 4520 1853,
869 4457 913 4506 X0.
935 4463 1009 4507 4-8.
