2782 4958
590 354 758 398 censeare.
899 368 904 380 ι
1207 338 1248 399 tt)

153 525 217 590 ssd
239 524 323 590 slind
344 523 419 609 quid
443 523 501 588 hoe
519 523 585 610 ipso
599 523 638 587 de
660 524 728 588 loco
743 521 909 587 nuendum
926 522 1057 589 videtur.
1104 523 1177 588 Non
1192 524 1249 590 du·
1270 592 1274 597 ,

92 630 193 704 bium
217 637 309 704 hebet
330 639 382 705 ille
408 637 524 705 Christi
542 639 711 716 dictemm,
735 635 852 703 [σασα.
876 635 916 703 V.
940 642 981 703 4l
1005 643 1039 703 et
1062 642 1124 719 44,
1145 640 1251 705 imite-

88 754 237 819 tionem.
284 752 385 826 Qusm
406 773 468 818 nen
490 754 557 818 siue
577 756 719 818 accurati
741 750 947 817 admonitione
976 754 1140 838 praeterire
1166 774 1253 840 opor·

90 873 213 933 tuerat
237 868 448 954 interpretem.
482 867 542 932 Sed
564 889 627 932 nen
644 867 725 931 hunc
742 865 919 951 singulatim
939 848 1124 951 reprohendo
1139 865 1252 932 Virum

95 985 253 1050 doctum.
301 983 419 1056 Quidni
442 985 562 1069 potins,
584 983 643 1049 hee
666 983 736 1047 dan
759 982 997 1067 opportunitate,
1019 980 1133 1065 justam
1155 1001 1252 1045 meam

96 1099 267 1163 effundam
289 1098 462 1183 querelem,
493 1097 590 1182 qnod,
615 1118 704 1182 qnam
728 1097 891 1186 diligenter
921 1093 1071 1173 Homeri,
1101 1092 1251 1170 Hesiodi,

98 1211 303 1298 Euripidis,
333 1210 477 1277 Platonis
498 1213 686 1298 aliorumque
709 1212 882 1296 principum
909 1211 1091 1294 scriptorum
1113 1209 1196 1274 locos
1218 1231 1253 1273 ao

101 1327 208 1408 dicta,
235 1347 312 1412 quas
333 1328 504 1392 imitatione
526 1327 706 1412 posteriores
728 1329 955 1409 expresserunt,
979 1323 1015 1386 ad
1036 1323 1144 1387 horum
1167 1322 1254 1386 illus·

102 1443 278 1506 irationem
311 1440 448 1506 conferre
479 1447 702 1506 consueverunt
731 1440 946 1518 litteratores,
978 1442 1040 1502 tam
1062 1436 1254 1522 negligenter

104 1558 142 1620 in
167 1554 283 1619 divinis
308 1552 425 1620 Christi
447 1554 587 1631 vocibus,
612 1576 740 1641 quarum
762 1555 942 1619 sententiam
961 1531 1096 1639 reposuit
1110 1552 1251 1634 Paullus,

107 1669 257 1734 notandis
279 1689 314 1734 ao
336 1669 544 1754 comparandis
558 1668 694 1754 plerique
710 1669 801 1754 hujus
815 1668 1024 1754 Explicuterss
1039 1668 1150 1733 versuti
1170 1668 1254 1732 sinti

109 1784 195 1850 (lum
216 1785 395 1870 praesertim
426 1783 506 1851 haud
530 1784 618 1849 facile
646 1785 778 1862 dixeris,
813 1789 917 1849 utrum
943 1781 1114 1848 uberiorem
1144 1781 1254 1849 habeat

112 1898 190 1962 haee
215 1899 399 1984 comparatio
421 1917 512 1963 usum
534 1901 735 1985 cerenicum,
766 1901 820 1985 qui
844 1900 1034 1985 singulorum
1057 1900 1194 1965 locorum
1215 1899 1253 1964 ad

113 2012 351 2078 illustrationem
369 2014 536 2099 pertineat,
560 2034 598 2077 an
621 2013 856 2100 apolopetieum,
877 2015 932 2099 qni
955 2013 992 2078 ad
1015 2013 1252 2098 Euangeliorum

114 2127 206 2192 fidem
230 2127 464 2192 confirmandam
488 2127 648 2193 reseretur.

161 2463 180 2526 1
208 2462 312 2529 Thess.
330 2460 396 2529 ΠΙ.
416 2469 449 2531 8.
476 2470 523 2533 Τὸ
545 2464 674 2551 pedire
694 2467 882 2548 saturetur.
929 2462 991 2541 tlie,
1015 2480 1089 2526 vers
1108 2467 1250 2528 monente

107 2577 297 2662 interprete,
315 2564 453 2645 ⁴testium
476 2579 656 2644 sucteritste
675 2577 837 2663 legendum
863 2596 928 2640 asse
950 2575 1082 2643 vidimus
1111 2596 1166 2662 pro
1186 2577 1250 2642 vul·

115 2696 186 2778 gete
208 2701 256 2778 τῷ
279 2721 312 2778 μ.
333 2717 361 2760 e.
407 2693 476 2773 Sed,
502 2693 534 2757 id
558 2693 584 2756 si
607 2692 781 2776 sequimur,
806 2690 957 2775 quomedo
978 2710 1049 2756 cnm
1072 2691 1251 2777 praecedeu-

116 2805 198 2870 tibns
221 2805 295 2870 hsec
315 2807 465 2871 nectenda
486 2809 550 2872 sint
573 2807 769 2892 disceptatur.
818 2805 1093 2871 Liinemsnnus
1112 2806 1247 2890 qnidam,

116 2917 243 2984 alierum
276 2918 417 2984 refutatis
446 2920 622 2998 sententiis,
651 2939 707 3005 per
728 2920 951 3006 appositionem
974 2940 1043 2983 cum
1068 2925 1135 2984 tote
1158 2922 1249 3006 jungi

115 3037 213 3117 putet,
227 3033 310 3117 qnod
320 3035 462 3120 proxime
476 3037 653 3121 praesensit,
674 3033 850 3101 enuntiate:
875 3040 920 3111 εἰς
935 3039 972 3103 τὸ
986 3039 1132 3122 στηρίξαι
1150 3072 1192 3085 -·-
1205 3071 1248 3087 -·

116 3151 253 3225 retorsere
276 3154 390 3235 iude:
417 3150 509 3236 idque
530 3151 575 3215 its
595 3154 633 3215 ut
653 3157 691 3218 τό
713 3150 794 3215 idem
823 3150 888 3216 fere
907 3151 951 3213 sit
972 3149 1053 3233 qued
1076 3153 1246 3227 τουτέστι,

116 3261 219 3325 eidem
250 3267 332 3326 certa
361 3269 501 3328 manente
531 3265 681 3330 seutentit
712 3264 770 3328 hoc
803 3285 859 3349 pre
887 3262 941 3327 ille
972 3261 1064 3328 scribi
1101 3266 1246 3347 potuerit.
1338 3248 1342 3256 ’

116 3372 232 3440 Verum
255 3375 416 3442 durissima
437 3378 559 3443 videtur
581 3376 655 3441 haee
677 3398 734 3441 nec
756 3375 844 3439 iscile
867 3374 1164 3461 serendaappoeitie,
1187 3380 1249 3461 qni

117 3485 179 3552 bini
203 3489 351 3555 Infinitivi
376 3492 485 3573 Astiei,
509 3493 564 3576 qni
587 3491 623 3555 ad
651 3490 840 3556 Timotheum
863 3490 1052 3565 referuntur,
1078 3491 1181 3554 eidem
1204 3512 1249 3555 se·

117 3601 159 3664 rie
182 3623 252 3666 cum
275 3602 434 3669 Infinitive
457 3605 584 3671 Passioo
596 3606 777 3690 jungantur,
796 3605 833 3669 ad
852 3604 1124 3670 Thessalonicenses
1139 3605 1248 3670 relato.

118 3712 193 3802 Ege,
218 3717 247 3780 si
268 3717 342 3801 quid
361 3720 488 3784 mutiam
510 3720 672 3784 dicendum
695 3725 754 3798 eat,
779 3721 822 3784 its
846 3719 1124 3784 De·Wettium
1140 3739 1249 3805 sequor

119 3851 150 3893 ac
172 3830 381 3910 Winerum,
405 3838 442 3899 ut
463 3837 591 3922 μηδένα
613 3837 788 3903 σαίνεσθαι
806 3854 876 3899 eum
898 3834 1034 3919 proxime
1052 3833 1249 3919 praecedente

120 3943 273 4011 Infinitive
296 3949 525 4036 παρακαλέσαι
546 3948 788 4013 connectendum
811 3949 996 4013 existimem.
1044 3948 1160 4014 Verum
1183 3953 1249 4013 toto

121 4063 222 4125 tertiae
251 4062 342 4147 huJ‘ns
372 4064 515 4128 sectionis
544 4064 644 4128 dieto:
670 4065 797 4161 μηδξαα
827 4099 869 4110 -
899 4099 942 4112 -
972 4067 1123 4149 uetusta,
1149 4063 1249 4139 illins,

121 4191 203 4256 quam
226 4174 379 4241 Timothei
402 4177 572 4253 ministerio
592 4178 629 4241 ad
659 4175 939 4241 Thessalonicenses
965 4177 1171 4262 perferendam
1193 4197 1250 4241 cu·

123 4285 200 4352 nbat
209 4289 386 4374 Apostolus,
399 4292 630 4381 παρακλήσεως
638 4294 843 4378 praecipuum
854 4304 1068 4375 sepimentum
1081 4313 1115 4356 ac
1130 4314 1248 4356 summa
1369 4317 1373 4321 ’

124 4404 264 4471 contineri
289 4404 365 4471 mihi
384 4405 514 4475 videtur.
562 4405 661 4491 Cujus
684 4407 742 4487 rei,
765 4407 797 4470 ni
821 4406 923 4487 fellet,
946 4405 1094 4473 indicium
1119 4412 1166 4471 est
1184 4406 1249 4472 dic·
