2782 4958
171 355 213 414 82
644 363 801 407 ninuonou

167 541 329 620 utrosque,
359 537 394 613 et
423 531 554 619 Aepolos
577 537 608 597 et
630 532 779 605 tornines,
810 531 969 614 complexi.
1017 532 1077 596 Sed
1100 531 1184 597 hunc
1207 553 1301 599 uirum

168 652 193 727 ei
217 671 270 734 per
292 670 323 712 se
345 648 525 732 spectaretis
547 647 659 723 locum,
684 647 812 711 fortasse
834 645 912 710 haud
936 647 1038 732 inepte
1057 647 1095 710 de
1109 647 1159 732 pie
1179 647 1302 711 defunc·

168 766 208 828 tis
231 764 346 848 cogites
368 760 565 835 Christianis,
589 781 719 844 quorum
742 761 779 824 de
802 765 883 824 sorte
906 761 1051 845 sollicitos
1069 762 1199 827 lectores
1222 784 1303 826 nunc

81 886 85 894 '
162 878 224 962 jam
247 875 393 940 consolari
418 874 550 938 volucrit
568 874 744 958 Apostolus.
793 874 959 939 Enimvero
989 897 1025 939 eo
1054 877 1119 960 ipso
1149 877 1230 952 loeo,
1249 875 1303 941 ubi

167 991 304 1055 consulto
334 989 365 1053 id
390 990 473 1074 agit,
502 992 519 1052 l
547 989 647 1053 Τίνα.
672 988 730 1053 IV.
764 993 824 1067 17,
858 988 949 1074 longe
977 990 1064 1054 aliter
1097 990 1304 1056 admirabilem

166 1105 323 1182 informat,
347 1120 435 1186 qnam
467 1101 589 1186 pingit,
621 1120 751 1166 scenam.
801 1102 870 1168 Nor
891 1104 994 1182 onim,
1024 1105 1142 1188 inquit,
1168 1110 1226 1191 qui
1246 1106 1306 1169 oioi

125 1296 128 1300 ,
166 1220 473 1304 superunctionem
496 1218 555 1284 σὺν
584 1217 696 1292 αὐτοῖς
721 1217 803 1300 [τοῖς
824 1228 950 1302 νεκροῖς
972 1225 1007 1288 ἐν
1027 1219 1176 1308 Χριστῷ]
1199 1224 1305 1308 ἁρπα-

166 1341 333 1420 γησόμεθα
351 1358 394 1380 ¹-
418 1336 463 1409 εἰς
483 1333 669 1417 ἀπάντησιν
689 1337 745 1398 τοῦ
770 1337 897 1417 Κυρίου
921 1340 965 1411 εἷς
987 1335 1079 1420 υίίρα.
1143 1307 1152 1325 ⁸

218 1668 336 1749 Quarto
365 1667 499 1753 ejusdem
528 1667 618 1751 hujus
647 1667 799 1751 Epistulae
833 1664 1106 1752 Copiteineonte,
1131 1669 1305 1754 pluresne

169 1784 230 1850 loci
253 1784 427 1861 advertunt,
451 1781 505 1847 ubi
528 1782 698 1846 luculenter
720 1780 888 1864 explicandi
915 1780 1113 1846 subtilitatem
1135 1780 1308 1867 probaverit

169 1899 336 1983 Interpres.
385 1896 489 1962 Veluti
512 1907 576 1961 seet.
605 1903 635 1973 1,
657 1902 687 1960 et
701 1896 860 1960 verborum
887 1904 1010 1985 ἐρωτᾷν
1028 1920 1063 1961 ac
1082 1901 1303 1986 παρακαλεῖν,

170 2033 247 2099 quae
269 2030 434 2095 synonyma
460 2011 600 2075 nonnulli
623 2011 774 2090 dixerant,
800 2012 941 2075 notiones
964 2018 1102 2077 accurate
1125 2013 1303 2098 distinguit,

171 2135 204 2193 ct
226 2149 295 2193 oum
327 2128 390 2192 solo
417 2128 583 2213 portacione
605 2122 698 2188 verbo
727 2126 880 2190 connectit
903 2131 939 2195 ἐν
963 2132 1089 2214 Κυρίῳ.
1114 2162 1160 2176 -
1182 2129 1306 2194 Ibidem

170 2243 343 2309 sectionistt
359 2241 489 2327 priorem
508 2247 636 2325 partem,
661 2263 749 2325 quam
766 2241 855 2306 multi
873 2241 957 2326 iique
980 2243 1085 2327 magni
1100 2238 1170 2307 Viri
1186 2243 1304 2319 eodem,

171 2379 232 2441 quo
255 2358 428 2442 superiora,
453 2354 486 2419 id
509 2360 555 2419 est
577 2355 614 2419 ad
636 2356 847 2440 impudicitiae
865 2356 913 2420 vel
932 2357 1079 2422 adulterii
1101 2355 1307 2442 reprehensio·

171 2493 253 2550 nem,
277 2469 462 2546 retulerant,
484 2466 562 2531 hanc
584 2469 681 2553 igitur
706 2466 857 2552 praeclare
880 2468 917 2531 de
940 2471 1072 2533 eeeritid
1095 2468 1227 2554 explicat
1251 2471 1307 2535 fra·

171 2593 292 2669 tresque
315 2582 567 2668 descendentium
589 2583 674 2648 vitio.
698 2581 760 2647 Ubi
783 2583 856 2647 item
879 2586 1068 2662 accuratius,
1095 2605 1184 2667 quam
1209 2585 1240 2648 J.
1266 2584 1306 2650 D.

172 2694 384 2762 Michaelis
403 2702 434 2760 et
448 2693 642 2760 Schottus
664 2697 796 2759 fecerant
813 2715 848 2760 ae
866 2692 1060 2770 Koehius‚
1077 2702 1136 2764 τὸν
1159 2698 1305 2781 neten

171 2833 232 2876 non
256 2811 385 2875 eundem
408 2830 473 2874 esse
495 2815 616 2884 monet,
642 2829 730 2893 quem
755 2816 812 2878 τὸν
834 2811 987 2898 πλησίον.
1015 2847 1057 2858 -
1082 2812 1129 2875 Ac
1148 2810 1308 2876 laudabili·

172 2934 230 3003 ter,
257 2927 372 2992 ibidem
395 2929 468 2989 sect
492 2927 525 3000 7,
550 2924 785 3008 praepositiones
808 2926 864 2998 ,ἐπί
879 2930 910 2986 et
927 2926 961 2992 ἐν
976 2924 1152 3008 distinguit.
1191 2923 1306 2996 Quam·

108 3012 114 3025 ⁵
172 3062 262 3127 quem
284 3042 323 3106 de
345 3041 513 3126 posteriore
537 3038 597 3102 htc
616 3038 819 3102 consulendus
840 3039 931 3102 etiarn
953 3043 1018 3103 erat
1039 3038 1244 3104 Schottns.

217 3378 334 3442 Verum
356 3371 530 3441 obscuriora
554 3375 627 3440 mihi
651 3372 795 3438 nonnulla
817 3394 921 3438 eorum
944 3394 1008 3437 esse
1030 3374 1145 3450 senor,
1169 3392 1249 3458 quae
1271 3377 1308 3441 ed

172 3503 239 3556 sect
264 3496 304 3563 8,
330 3495 502 3554 monentem
526 3510 596 3552 eum
619 3485 718 3554 rideo.
765 3484 830 3551 Hic
852 3489 951 3555 enim:
978 3486 1242 3573 »Pertieipinm,”
1262 3492 1310 3555 in·

172 3605 255 3688 quit,
291 3610 331 3670 »ὁ
360 3606 515 3678 ἀθετῶν,
540 3602 723 3686 repudians,
755 3599 893 3664 absolute
915 3604 1046 3686 penitae·
1066 3624 1103 3667 ee
1125 3601 1310 3669 substantivi

174 3740 262 3782 suen.
292 3715 379 3787 Quae
401 3739 470 3782 cero
492 3719 554 3780 sint
572 3737 651 3802 quoe
673 3714 712 3778 eb
734 3736 768 3778 eo
790 3693 1006 3799 repudientur,
1033 3736 1070 3780 ee
1091 3727 1232 3782 oontwtn
1252 3741 1311 3806 ep·

173 3840 304 3913 »peret,·
325 3851 524 3915 preepressee
543 3852 651 3914 nempe
672 3841 741 3893 aunt
762 3831 1018 3903 edtentetiener,''
1298 3898 1303 3903 ,

89 4021 93 4028 ,
217 3942 303 4006 Haeo
334 3944 484 4008 dicentem
516 3966 583 4007 eum
615 3943 705 4006 audio
728 3948 759 4007 et
782 3943 922 4028 approbo.
972 3944 1052 4007 Ecce
1074 3945 1166 4008 verol
1196 3946 1311 4011 diserte

172 4077 225 4119 eos
247 4077 350 4121 errare
373 4058 465 4133 dicit,
488 4058 540 4142 qui
564 4057 654 4120 talem
677 4056 827 4140 aliquem,
851 4057 968 4141 qualem
993 4059 1086 4122 sumit
1109 4059 1193 4142 ipse,
1220 4083 1309 4126 eccu-

171 4171 301 4235 setionm
334 4171 536 4256 supplendum
572 4177 861 4260 esse'monuerant,
896 4171 958 4235 Er.
991 4171 1242 4237 Schmidinm
1276 4196 1311 4238 ac

169 4280 380 4370 Koppium.
429 4284 492 4351 Ubi
514 4287 664 4370 quomodo
687 4285 745 4351 sibi
769 4293 887 4350 constet
910 4286 968 4350 Vir
987 4285 1202 4351 solertissimus
1222 4289 1311 4372 equi·

169 4395 235 4461 dem
260 4419 320 4461 non
345 4399 442 4464 video.
492 4399 691 4484 Participium
715 4401 795 4463 enim
820 4400 901 4463 siud
925 4401 1153 4485 praecedentem
1173 4403 1307 4488 aliquem
