2782 4958
611 334 773 378 carsurae.
1129 297 1132 304 ¹
1194 321 1258 384 t03

121 518 152 576 ct
176 509 319 575 inchoata
341 509 377 573 de
401 506 560 590 reeoeopieo
583 502 740 569 Librorum
763 524 912 568 sacrorum
925 503 1091 570 charactere
1107 511 1136 571 et
1157 505 1259 570 indole

121 626 291 711 disputatio
312 645 429 689 neeesse
452 627 516 701 est,
541 640 615 704 quae
639 624 796 685 externum
819 639 921 683 eorum
944 617 1080 685 habitum
1106 641 1141 683 ac
1170 641 1259 704 prae·

120 741 266 805 stantiam
292 760 353 803 non
385 735 558 816 attenderit,
583 755 638 798 nec
665 731 793 797 lectores
821 737 901 797 recte
929 734 1083 799 aestimare
1105 733 1254 800 docuerit.

119 855 211 935 Nam,
225 854 316 917 sicuti
336 851 485 937 plerisque
504 849 569 913 aliis
586 849 618 911 in
635 846 725 912 rebus
739 869 773 911 ac
788 847 1026 930 quaestionibus,
1044 850 1087 912 ita
1099 848 1149 913 hic
1168 851 1257 915 etiam

119 966 280 1033 indivulso
302 967 363 1031 fere
378 986 460 1030 nexu
471 986 540 1029 cum
559 962 683 1028 materid
698 961 891 1044 conjunctam
906 984 968 1028 esec
982 963 1107 1029 formam
1122 969 1256 1050 apparet.

170 1084 281 1146 Verum
311 1079 383 1144 haec
422 1079 458 1145 ad
488 1079 608 1162 quosvis
643 1077 746 1161 potius
775 1076 849 1141 alios
879 1078 1031 1162 pertinent
1065 1078 1258 1163 interpretes,

120 1218 217 1281 quam
238 1196 275 1260 ad
298 1193 549 1287 Knohehum,
576 1192 630 1276 qui
649 1191 811 1276 pristinum
830 1191 965 1256 nondum
985 1191 1072 1277 plane
1096 1192 1260 1257 deseruisse

120 1310 247 1376 videtur
269 1309 545 1384 caemeterium
568 1327 630 1390 quo
657 1311 763 1390 eaptus
785 1311 884 1389 atque,
908 1312 944 1372 ut
966 1308 1106 1391 equidem
1129 1329 1256 1388 censeo,

120 1424 255 1491 subinde
278 1424 431 1508 deeeptus,
457 1420 600 1487 antehae
623 1418 725 1505 plures
747 1441 861 1496 annos,
885 1442 1028 1506 magnum
1045 1421 1141 1486 edidit
1166 1422 1258 1505 idque

121 1539 283 1624 ingeniose
304 1538 449 1621 seriptum
472 1557 567 1620 opus3
588 1533 642 1599 ubi
666 1533 702 1598 de
725 1520 930 1600 Hebraeorum
942 1536 1150 1616 Prcpketiaeae',
1169 1558 1258 1620 quem

123 1651 271 1739 appellat,
292 1651 526 1734 historiaque,
545 1650 764 1736 progressione,
783 1649 878 1728 exitu,
896 1651 1015 1735 copiose
1034 1651 1144 1737 agitur.
1172 1651 1259 1726 Quod

123 1772 205 1835 certe
229 1788 305 1851 opus
335 1765 597 1831 Rationalistarum
619 1763 704 1829 vaide
732 1762 845 1849 placuit
875 1763 1054 1849 coryphaeis
1081 1768 1259 1852 magnisque

123 1881 161 1947 ab
195 1881 236 1945 iis
266 1886 405 1946 ornatum
428 1887 474 1946 eet
496 1879 634 1945 laudibus
658 1881 719 1963 (1).
768 1879 952 1961 Quamquam
977 1878 1072 1944 multa
1103 1880 1256 1958 continet,

124 1996 163 2061 iis
185 1996 277 2060 etiam
295 1996 368 2081 ipsis
391 1993 489 2074 utilia,
516 1996 569 2078 qui
592 1995 628 2058 ab
651 1993 772 2058 illorum
795 1993 914 2079 placitis
931 1993 1025 2057 aversi
1040 1999 1111 2059 sunt
1129 2015 1162 2058 ac
1178 2015 1257 2059 ccm-

126 2112 247 2177 mentis.
281 2112 379 2195 Atque
401 2110 459 2174 hee
485 2112 584 2195 ipsum
610 2108 733 2175 meliore
755 2110 861 2184 etiam,
883 2109 909 2173 si
931 2108 1005 2191 quid
1027 2108 1126 2185 video,
1141 2109 1209 2192 jure
1222 2108 1259 2172 de
1317 2189 1320 2194 .

124 2227 272 2290 Jeec'e'anc
299 2227 442 2290 affirmare
476 2225 546 2290 iicet
571 2225 795 2290 commentario.
846 2225 965 2298 Fateor,
997 2243 1034 2286 ne
1062 2221 1113 2286 hic
1136 2222 1257 2306 quidem

159 2490 200 2554 (1)
218 2489 319 2539 Dicitur
340 2501 419 2552 opus:
452 2487 505 2537 Der
529 2485 711 2552 Prophetismus
734 2485 778 2537 der
795 2486 920 2545 Heerder,
944 2484 1083 2552 reddedindr'p
1106 2485 1255 2552 (impendit,

124 2565 320 2641 Wratislariae,
340 2581 425 2644 (eujus
443 2581 598 2631 Academiae
616 2589 676 2632 tunc
694 2589 750 2630 eret
766 2581 792 2632 in
811 2580 1010 2640 Professoribus)
1030 2582 1102 2629 1887.
1120 2579 1147 2630 II
1159 2578 1256 2633 Tomis.

123 2676 176 2728 Ubi
204 2690 271 2741 qnae
289 2674 320 2723 de
339 2674 488 2739 Prophetis,
514 2688 593 2737 quum
618 2673 743 2725 universis
766 2681 820 2722 tum
839 2672 959 2735 singulis,
983 2673 1094 2735 disputat
1118 2686 1256 2736 eorumque

123 2771 225 2835 placitis
243 2769 395 2826 theoreticis,
416 2767 569 2829 moralibus,
587 2768 706 2832 politicis,
725 2768 784 2817 item
802 2770 833 2817 de
851 2782 938 2817 eorum
952 2768 1051 2818 dicendi
1064 2782 1198 2830 generose
1212 2781 1257 2833 spa

124 2871 150 2914 et
166 2862 355 2926 exspectatione
373 2858 531 2918 Messiatica5
550 2883 580 2895 -
601 2861 662 2911 haee
680 2861 758 2924 igitur
775 2869 890 2910 accurate
910 2867 1028 2925 excerpta
1046 2861 1154 2910 vidimus
1166 2869 1190 2910 et
1202 2861 1255 2910 lau·

125 2956 186 3006 deta
204 2970 220 3003 a
238 2950 350 3004 censore
367 2954 392 3002 in
411 2952 533 3002 Rearri
551 2949 617 3002 Krit.
636 2951 919 3017 precipe-Brenthe,
937 2953 970 3003 ud
990 2967 1013 3002 a.
1037 2958 1109 3002 1888.
1127 2953 1203 3002 xlx.
1224 2959 1255 3010 2,

124 3063 153 3114 p.
173 3053 221 3100 188
240 3062 298 3111 sqq.
334 3044 416 3109 Cujus
432 3047 551 3098 laudibus
569 3046 635 3099 alins
656 3047 733 3108 plane
750 3047 855 3096 essendi
876 3044 974 3097 Censor
996 3046 1021 3096 iu
1043 3046 1149 3110 idpham.
1174 3043 1256 3097 Theoi·

125 3140 279 3195 Luomreer.
301 3157 345 3191 zur
370 3138 428 3204 ullp.
453 3138 490 3191 K.
516 3139 582 3190 Zeia
610 3155 632 3190 a.
656 3144 732 3197 1888,
755 3137 802 3190 No.
819 3143 851 3189 55
870 3153 907 3203 sq.
941 3138 968 3190 A
992 3153 1043 3203 quo
1062 3139 1123 3197 hoc,
1149 3141 1180 3188 de
1204 3154 1255 3204 quo

126 3235 242 3293 dicimus,
258 3247 321 3298 opus
339 3248 397 3283 cum
415 3232 528 3296 ejusdcm
547 3233 598 3283 iere
616 3240 661 3283 aut
678 3230 760 3281 affinis
777 3241 844 3282 certe
856 3232 999 3296 argumenti
1011 3232 1076 3281 libre
1088 3241 1257 3297 comparatur,

127 3341 203 3391 quem
223 3326 336 3374 ediderat
353 3325 446 3373 Fred.
467 3322 587 3374 Bureh.
606 3324 744 3374 Kisterr
765 3322 815 3372 Die
832 3322 967 3388 Propterea
984 3322 1026 3373 des
1043 3323 1076 3373 A.
1095 3339 1120 3373 u.
1139 3322 1177 3374 N.
1191 3322 1255 3374 Tere.

125 3418 186 3468 ecch
204 3418 277 3468 ihren
300 3417 383 3469 Weeerr
405 3435 428 3468 u.
452 3417 552 3470 Werlcen
569 3415 721 3482 dnrpeetelltr
741 3417 812 3481 Lips.
834 3422 906 3467 1888.
941 3415 1021 3480 Cujus
1039 3417 1079 3466 hie
1096 3420 1181 3468 exitus
1201 3425 1256 3468 erat

126 3513 339 3576 comparationis,
359 3520 387 3562 ut
405 3510 511 3562 Aemuli
528 3512 594 3560 libro
612 3509 770 3562 Knebelii
788 3524 867 3574 opus,
881 3512 962 3574 magis
974 3509 1166 3561 rectoraticum
1178 3511 1257 3572 illud,

126 3606 203 3669 longe
221 3605 414 3668 praeterendum
432 3618 486 3654 esse
504 3612 659 3654 censeretur.
695 3605 795 3655 Verum
819 3603 915 3667 maiore
932 3605 1008 3655 etium
1026 3605 1066 3655 sei
1083 3604 1198 3654 libertate
1216 3605 1256 3655 rei

126 3698 280 3749 confidentia
297 3698 491 3747 Rationalietam
505 3698 545 3746 hie
565 3711 623 3746 eum
645 3712 722 3760 ugare
745 3697 898 3760 oportuisse,
914 3697 1004 3747 tertius
1021 3696 1093 3747 nobis
1111 3706 1201 3745 auctor
1218 3705 1255 3746 est

127 3790 231 3849 Judex,
248 3791 275 3839 id
300 3799 337 3840 est
360 3790 404 3839 lid
415 3791 539 3840 nardus
557 3787 600 3839 Re
611 3805 681 3850 uss,
701 3789 752 3839 Vir
768 3804 838 3839 nune
855 3789 973 3840 omnibus
990 3789 1022 3838 ab
1043 3789 1148 3837 nudneirt
1165 3797 1256 3849 notus,

127 3887 153 3935 in
172 3883 240 3949 Aru.
260 3883 360 3945 (Heli.)
386 3883 435 3934 au.
457 3882 521 3933 Zeia
538 3885 570 3932 ad
596 3899 629 3933 m.
656 3883 761 3933 Januer.
784 3887 857 3941 1888,
874 3882 923 3931 ΝΟ.
949 3887 958 3932 1
983 3897 1038 3946 sqq.
1061 3907 1095 3921 -
1118 3881 1256 3934 Caeterum

127 3993 209 4042 quae,
241 3977 280 4026 rei
304 3977 328 4026 in
353 3984 425 4026 textu
452 3977 492 4026 vel
516 3977 562 4026 hdo
579 3978 636 4041 ipsit
655 3979 680 4027 iu
697 3977 877 4034 annotatione,
902 3977 1023 4026 Auctoris
1040 3977 1071 4027 da
1091 3977 1256 4042 Prophetarum

126 4070 252 4128 diximus,
280 4083 310 4119 ea
326 4083 373 4132 per
391 4083 510 4119 censuras
528 4069 676 4120 confirmata
691 4069 803 4126 videbis,
822 4083 886 4132 quoe
904 4075 1023 4130 entant,
1044 4086 1123 4134 quum
1145 4073 1171 4122 in
1197 4087 1254 4123 me-

127 4168 226 4211 morato
249 4160 304 4224 jam
328 4159 445 4212 Rdhrii
471 4160 578 4224 Ephern.
604 4161 637 4209 ad
663 4176 686 4209 n.
708 4164 782 4214 1888.
810 4160 871 4210 XX.
890 4164 913 4210 4.
938 4176 961 4225 p.
985 4165 1034 4211 578
1062 4179 1129 4228 sqq„
1155 4174 1208 4216 tum
1229 4169 1255 4218 in

127 4251 352 4306 Rheiawaidii
377 4253 446 4319 nup.
462 4252 587 4318 Repertor.
609 4253 641 4303 ad
668 4251 748 4317 ejusd.
766 4255 825 4304 anni
847 4259 910 4304 1888
936 4269 970 4304 m.
992 4252 1128 4306 Novembr.
1155 4272 1180 4321 p.
1208 4263 1252 4309 181

127 4360 181 4410 sqq.
223 4346 339 4411 Utroque
360 4349 427 4398 enim
445 4347 500 4397 loeo
520 4354 666 4410 comparata
692 4350 776 4397 denno
797 4349 927 4407 videmus,
956 4361 1021 4410 quae
1048 4351 1253 4413 memoravimus,

126 4436 292 4491 Knobeiii
310 4454 339 4490 ac
366 4438 504 4491 Kiisteri
523 4455 608 4506 opera.
