2782 4958
133 311 173 370 90
615 325 782 370 nnnvronns

132 501 232 559 autem
263 493 371 557 Critici
398 490 539 556 Jeneneie
566 491 723 556 rubertum
743 491 895 579 judiciem
924 475 1094 559 laudantem
1127 495 1296 560 audimus

131 610 349 693 Angerum;
383 627 443 689 quo
465 605 606 680 testium,
639 627 716 689 qnos
740 605 792 670 ,vel
814 605 852 669 ad
882 606 1134 673 Alexandrinam
1155 610 1206 674 vel
1230 610 1296 674 ael

136 722 360 789 occidentalem
383 719 530 785 referebat
560 721 777 800 recensionem,
811 722 990 786 auctoritate
1020 722 1202 808 plerumque
1225 723 1292 789 ibi

130 842 263 917 tentum,
287 835 340 901 ubi
363 837 481 899 interna
503 834 536 898 id
560 833 720 898 suaderent
742 840 937 920 argumenta,
967 835 1004 899 ad
1026 844 1185 921 receptum
1209 837 1289 901 im-

130 951 307 1015 mutandum
338 955 455 1014 textum
486 948 589 1013 induci
620 971 652 1012 se
683 969 788 1033 passus
811 949 859 1012 sit.
907 947 978 1020 Quo
1008 949 1190 1033 injudicio
1221 971 1291 1012 me

130 1072 211 1131 certe
234 1066 373 1130 universe
397 1064 637 1128 consentientem
661 1061 764 1128 hebet.
815 1063 896 1128 Nem
919 1068 985 1129 esto
1007 1084 1096 1142 sene;
1126 1064 1161 1130 iu
1189 1063 1286 1128 mul·

24 1263 27 1267 ,
129 1180 170 1245 tis
193 1181 340 1244 erraverit
362 1164 668 1258 Griesbaahius';
695 1177 787 1242 nimis
809 1178 1004 1243 artificiosum
1032 1177 1164 1243 Oritiees
1193 1175 1285 1241 sub-

129 1294 201 1358 inde
217 1295 324 1358 feeerit
347 1293 529 1371 aedificium,
547 1314 582 1357 eo
602 1293 704 1357 minus
727 1291 882 1381 eommode
901 1293 1106 1359 retentionem
1130 1292 1280 1357 denomi-

28 1464 31 1469 .
128 1410 256 1481 natione¹
273 1428 346 1472 usus
368 1407 420 1484 sit,
439 1427 528 1491 quam
551 1413 651 1471 tamen
674 1411 826 1493 postremo
845 1408 925 1471 vitae
940 1415 1076 1493 tempore
1088 1428 1161 1480 ‚non
1179 1407 1276 1472 velde

129 1520 187 1585 sibi
212 1520 378 1607 urgendum
401 1521 519 1607 putavit
546 1519 610 1608 (1)
658 1520 747 1587 Nihil
770 1521 912 1607 impedio.
962 1521 1020 1586 Sed
1043 1521 1126 1587 idem
1150 1522 1270 1586 affirmo

129 1635 292 1715 hodiernae
315 1636 356 1699 N.
377 1634 416 1699 T.
442 1635 571 1699 Critiees
594 1633 723 1701 Petram
745 1657 814 1701 eum
838 1635 999 1703 dicendum
1022 1659 1098 1715 esse,
1125 1658 1189 1701 nou
1213 1659 1264 1701 se·

131 1771 195 1827 eus,
221 1771 311 1835 quam
334 1749 494 1815 hodiernae
516 1747 732 1836 Philosophiae
755 1749 957 1816 Kantium.
1005 1752 1074 1819 Nee
1098 1725 1270 1830 debuerat,

130 1870 177 1946 ut,
202 1869 395 1949 posteaquem
417 1863 590 1929 Scholzii
613 1886 647 1928 eo
662 1863 906 1930 Leehme‘nni
929 1866 1077 1951 imprimis
1095 1865 1262 1959 invaluerat

129 1980 219 2057 ratio,
236 1979 325 2044 multi
348 1980 445 2045 fecere
460 1982 650 2065 inceperunt,
672 1980 756 2045 illius
770 1982 803 2045 in
819 1985 1004 2046 contemtum
1019 1979 1130 2045 adduci
1145 1980 1262 2064 eopiosa

128 2093 277 2170 doctrina,
309 2093 419 2159 subtile
450 2116 597 2174 acumen,
630 2096 873 2160 constantissima
899 2102 989 2180 etque
1019 2094 1170 2158 indefessa
1198 2095 1261 2158 fon·

129 2208 205 2272 tium
229 2207 406 2293 exploratio,
432 2208 506 2273 fides
529 2209 720 2274 intemerata.

172 2540 242 2604 Jam
264 2540 302 2607 ed
326 2542 519 2627 Lipeieneam
552 2549 690 2611 nostrum
724 2544 880 2610 redeamus
904 2543 1067 2610 Critienm.
1112 2545 1152 2609 In
1183 2545 1262 2610 Mat

128 2654 209 2719 theei
220 2657 330 2741 igitur,
348 2655 447 2722 Merei
462 2658 623 2743 Lunaeque
637 2659 713 2724 locis
731 2659 1056 2745 digerendisordinem
1073 2681 1107 2723 se
1124 2642 1263 2726 ¹secutum

129 2790 193 2832 esse
215 2768 305 2848 dicit,
329 2771 382 2854 qui
406 2793 423 2836 a
446 2771 704 2853 Griesbeohio
726 2772 836 2838 duetus
859 2777 1000 2854 auctore,
1026 2773 1117 2859 lujat
1141 2773 1260 2854 tribus,

128 2881 253 2948 Reedi
261 2885 346 2968 geri
370 2884 479 2951 deinde
501 2889 634 2971 quinque
657 2887 843 2954 editionibus
865 2896 1062 2975 propagatus,
1090 2901 1180 2974 etque
1207 2889 1263 2954 hta

119 3060 275 3074 m

128 3187 148 3236 si
166 3185 207 3234 eui
226 3184 290 3235 forte
307 3186 453 3250 praecludet
470 3185 567 3248 majus,
593 3203 643 3252 qno
661 3196 793 3250 constent,
821 3191 946 3256 pretinm
975 3191 1035 3241 huie
1060 3198 1150 3242 unctor
1167 3191 1216 3241 sim
1234 3198 1263 3240 nt

127 3279 194 3330 ter-tid
210 3286 295 3329 utetur
314 3276 516 3329 Griesbechehnee
535 3277 647 3344 Synope.
664 3280 795 3339 editione,
805 3296 881 3346 quem
898 3283 952 3346 ipse
969 3281 1092 3346 vulgavit,
1115 3279 1180 3331 Hel.
1197 3280 1260 3333 Ser.

126 3391 150 3425 a.
169 3379 242 3425 1809.
278 3371 396 3431 Qrtertnm
418 3374 497 3432 anim,
521 3374 682 3437 posthumum
698 3371 784 3435 illem,
803 3382 841 3426 tot
856 3376 992 3439 inquinent
1013 3391 1043 3426 ee
1063 3381 1116 3430 tem
1131 3376 1206 3426 foede
1223 3384 1262 3442 ty·

126 3483 218 3535 porum
235 3472 328 3525 errete,
346 3472 376 3517 nt
391 3452 521 3518 lectorem
532 3467 635 3532 saepius
651 3470 772 3520 seducere
787 3471 911 3520 censenda
926 3470 968 3531 sit,
987 3485 1063 3534 quem
1079 3471 1108 3527 in
1122 3471 1193 3523 viem
1212 3473 1263 3521 dn·

126 3575 193 3611 cere.
209 3586 241 3596 -
258 3558 334 3622 Quod
350 3559 477 3626 reliquum
491 3566 538 3618 est,
557 3559 766 3613 Griesbeohii
782 3562 887 3623 librum,
906 3564 933 3613 in
950 3563 1083 3616 nonnullis
1100 3565 1262 3617 emendatum

125 3653 213 3712 illum,
236 3668 287 3702 eum
307 3650 391 3702 saleetd
410 3651 529 3702 leetionem
550 3653 664 3704 varietate
682 3654 708 3717 (i.
730 3669 754 3706 e.
777 3669 829 3705 non
848 3657 941 3706 notetis
963 3657 1071 3723 singulis
1092 3671 1138 3724 pro
1160 3659 1262 3724 quique

125 3745 233 3796 lectione
257 3745 373 3806 testibus)
400 3746 483 3795 denuo
507 3745 647 3809 vulgarunt
672 3745 880 3799 De·Wettius
902 3749 928 3798 et
953 3748 1101 3799 Lnekius
1124 3746 1210 3801 Barol.
1237 3756 1263 3801 et

125 3836 204 3888 Loed
227 3843 302 3898 1818,
321 3839 341 3888 t.
360 3835 405 3888 41⁸.
422 3865 455 3877 -
473 3839 514 3890 De
532 3839 630 3890 Maur.
648 3840 823 3906 Roedlgeri
840 3842 999 3907 aliorumque
1014 3841 1043 3891 in
1059 3843 1108 3892 hoe
1124 3843 1263 3907 genereti-

126 3932 179 3983 brie
196 3933 263 3982 vidd.
279 3931 405 3995 Angeri
421 3931 573 3999 Prolegg.
592 3935 640 3984 sub
657 3936 768 3987 initium.

160 4024 197 4088 (1)
215 4022 312 4075 Probet
330 4025 354 4074 id
372 4026 497 4089 imprimis
511 4027 634 4091 praefizn'o
649 4025 813 4079 Commemen'l
827 4029 906 4080 critici
922 4027 1008 4090 (Janne
1024 4026 1164 4082 P.1.1ree
1181 4028 1261 4082 P.11.

128 4119 203 4182 1811)
221 4119 294 4170 Perti
307 4118 335 4169 II
351 4118 497 4182 praemissa.
526 4118 578 4182 Qui
589 4119 653 4171 liber
670 4135 720 4185 quo
734 4121 856 4187 majorem
873 4124 948 4174 hebet
958 4125 1128 4188 praestantiae
1145 4125 1260 4187 leudem,

126 4231 156 4266 eo
173 4203 314 4278 impensius
330 4212 466 4262 dolendum
483 4219 521 4282 est
538 4211 661 4263 Matthaei
677 4220 776 4264 tentum
789 4231 847 4265 oum
866 4218 998 4282 complecti
1020 4231 1049 4267 ec
1066 4214 1155 4266 Marci
1173 4217 1263 4268 Euan·

125 4308 230 4372 gelium.
265 4302 323 4365 Sed,
348 4305 464 4369 quamvis
488 4304 635 4356 inchoatum
656 4307 779 4358 manserit
796 4324 873 4374 opus,
896 4311 1071 4374 dignissimum
1089 4317 1173 4362 tomen
1193 4313 1262 4362 idem

126 4403 192 4465 qnod
210 4402 242 4450 eh
260 4401 376 4452 omnibus
395 4397 501 4451 Critieos
520 4399 636 4451 studiosis
655 4403 810 4454 consuletur.
