2782 4958
134 318 196 379 lla
520 333 559 373 ns
584 332 683 375 nurus
707 333 871 376 nnsuncrrs

175 501 235 566 Sed
269 501 365 565 multo
398 500 498 564 acrius
540 505 629 583 atque
669 499 807 564 acerbius
846 461 897 565 alii
935 501 1104 586 neglectam
1144 501 1259 586 objece-

131 621 205 682 runt
226 613 485 700 interpretationis
506 616 678 700 ἀκρίβειαν
709 614 791 678 illam
819 637 854 679 ac
882 617 1072 682 severitatem
1102 616 1261 703 philologi·

132 752 205 809 cum,
230 751 320 814 quam
344 730 402 795 nisi
425 734 547 792 secutus
569 728 611 790 sis
633 732 665 790 et
686 731 772 814 sequi
795 735 826 818 te
845 731 987 814 jacturis,
1010 733 1063 795 vix
1086 738 1140 795 aut
1157 753 1197 795 ne
1212 734 1261 796 vir

131 844 251 928 quidem
283 842 320 907 ab
352 840 526 927 aequalibus
557 843 711 926 interpres
742 842 907 909 habeberis.
961 844 1085 922 Veluti,
1116 845 1261 911 Rubrii

130 956 187 1022 sub
210 957 353 1042 auspiciis
375 957 427 1040 qui
450 953 614 1032 scribebat,
639 955 754 1021 Censor
776 957 885 1040 aliquis
901 954 1006 1021 crebro
1026 954 1263 1023 Glaesiaaismos

131 1092 200 1135 enm
224 1071 407 1134 commisisse
430 1069 547 1154 arguit,
576 1069 608 1133 id
639 1075 685 1134 cst
714 1069 878 1137 obsoletam
908 1071 1095 1156 postliminio
1117 1071 1261 1135 reducere

129 1185 281 1249 studuisse
304 1184 459 1249 Classii
482 1185 639 1264 rationem,
665 1207 700 1250 ac
722 1185 974 1251 Schleusneri
1005 1185 1080 1249 adeo
1104 1186 1261 1270 repetiisse

131 1319 248 1363 errores
274 1297 337 1380 (l).

173 1411 234 1481 Vel
256 1412 300 1474 sic
322 1416 422 1475 tamen
444 1412 572 1477 leviores
593 1409 650 1476 hae
671 1411 766 1476 videri
789 1416 915 1496 possunt
936 1412 1094 1477 memorati
1117 1409 1262 1479 Censoris

112 1525 391 1612 reprehensiones,
418 1548 486 1591 cum
509 1524 698 1591 vehementis
720 1528 746 1590 si
770 1533 983 1611 comparantur
1013 1547 1048 1590 ac
1077 1527 1259 1611 supercilio,

131 1660 191 1722 quo
221 1637 550 1705 De·Wettiauam
586 1639 756 1724 explicandi
787 1641 870 1705 Novi
896 1641 1080 1705 Testamenti
1113 1642 1261 1707 rationem

130 1751 222 1817 semel
235 1753 405 1837 iterumque
421 1754 629 1839 exagitandam
644 1753 701 1819 sihi
717 1756 826 1820 sumsit
848 1759 879 1823 et
901 1755 1127 1839 vituperandam
1143 1756 1260 1823 Frits·

130 1866 276 1931 schius.
326 1866 425 1939 Quem
456 1869 482 1932 si
512 1869 617 1948 audis,
648 1870 800 1935 serviliter
830 1869 999 1954 amplexum
1029 1888 1099 1937 eum
1121 1855 1261 1935 videmus

131 1987 295 2055 emortuam
318 1982 399 2049 illum
415 1983 615 2070 Philologiam
639 2004 763 2059 sacram,
779 2005 870 2067 quam
886 1981 1108 2059 moribundam,
1129 1989 1261 2048 exeunte

131 2098 266 2180 proximo
295 2097 415 2178 seculo,
444 2096 625 2163 eruditionis
654 2099 792 2163 inficetas
821 2098 960 2171 machina
990 2098 1146 2175 adhibita,
1179 2100 1260 2164 tueri

129 2211 286 2276 studuerat
298 2209 409 2279 Schola
432 2212 463 2275 J.
480 2212 517 2276 F.
533 2211 714 2280 Fischeri.
739 2213 1166 2299 Cujussecntusineptias(ita
1188 2212 1258 2277 Ad·

129 2327 309 2408 versarius),
339 2324 439 2405 verba,
472 2335 616 2412 tempora,
650 2326 766 2402 modos,
792 2329 1023 2413 comparationis
1045 2328 1169 2414 gradus,
1195 2349 1259 2392 nn·

130 2463 227 2504 meros
250 2446 361 2504 temere
385 2443 491 2503 miscet
513 2463 547 2504 ao
570 2441 739 2505 contundit.
788 2441 989 2521 Hebraismis,
1021 2462 1152 2526 quorum
1173 2442 1259 2505 inte·

130 2556 238 2617 riorem
263 2555 407 2616 rationem
430 2553 601 2638 ignorabat,
620 2556 790 2638 frequenter
804 2555 954 2629 abutitur3
975 2557 1048 2620 item
1063 2553 1259 2619 liberioribus

129 2673 181 2729 aut
204 2666 284 2728 falsis
306 2668 379 2729 adeo
403 2666 675 2732 Alexandrinorum
698 2669 996 2752 interpretationibus
1019 2692 1053 2732 ac
1076 2669 1163 2744 locis,
1182 2690 1260 2752 qnos

129 2778 204 2865 male
227 2779 259 2840 in
291 2777 435 2842 auxilium
466 2779 605 2859 advocat,
638 2782 795 2865 parallelis.
842 2784 910 2848 Neo
941 2787 1041 2848 minus
1071 2805 1179 2868 graves
1205 2782 1259 2847 alii

96 2892 98 2897 ’
128 2915 190 2956 esse
214 2890 497 2976 deprehenduntur,
531 2915 606 2978 quos
629 2896 732 2960 eodem
763 2919 800 2961 ex
830 2897 914 2960 fonte
938 2897 1049 2971 hausit,
1082 2918 1201 2961 errores
1225 2918 1260 2960 ac

127 3008 213 3071 vitia.
262 3011 308 3071 Ac
338 3028 375 3069 nc
398 3030 433 3070 ea
454 3008 575 3091 quidem
599 3009 720 3091 desunt,
752 3033 828 3096 quas
860 3011 917 3095 ipsi
941 3011 1026 3092 adeo,
1059 3032 1119 3093 quo
1152 3009 1259 3075 Glas·

127 3123 233 3186 siana
265 3119 392 3185 florebat
426 3121 614 3206 Philologia,
649 3125 776 3208 tempori
811 3124 999 3208 displicitura
1033 3125 1172 3189 fuissent.
1212 3161 1259 3172 -

125 3234 211 3301 Haec
241 3237 338 3322 igitur
367 3238 397 3298 e't
428 3234 485 3298 alia
515 3236 609 3299 ninlta
633 3236 926 3302 De·Wettianis
956 3239 988 3301 in
1017 3237 1142 3302 Novum
1167 3240 1255 3305 Test.

126 3353 356 3419 Commentariis
396 3352 521 3416 crimina
555 3355 664 3436 passim
705 3355 913 3419 intendentem
948 3354 1086 3421 audimus
1125 3352 1257 3417 Fritz-

124 3466 288 3533 schium.
337 3466 435 3549 Cujus
460 3468 668 3533 auctoritatem
692 3469 800 3544 secuti,
826 3469 936 3533 similia
959 3470 987 3533 ei
1013 3469 1087 3532 vitia
1112 3467 1257 3550 frequen·

125 3587 172 3645 ter
195 3579 373 3664 objecerunt
394 3561 446 3643 alii
468 3580 481 3661 (
506 3582 529 3662 ].
911 3568 916 3588 '

132 3781 263 3792 ι-σι-ι-ι--ι

160 3929 198 3987 (l)
217 3926 278 3976 Vid.
295 3926 412 3977 Riihr’s
429 3925 485 3974 krit.
503 3925 866 3992 Prcdipcr-Bidlictlrclcllsssil
883 3929 1019 3993 xv111.p.
1037 3931 1181 3992 779-5801.
1201 3928 1254 3978 Ubi

124 4021 283 4087 handpauci
298 4027 462 4069 recensentur
479 4020 539 4081 loci,
555 4035 618 4084 quos
636 4030 750 4073 contorte
770 4024 935 4088 explicavisse
952 4023 1169 4073 Fritzschium
1189 4035 1253 4071 cou-

124 4117 209 4167 tendat
224 4113 444 4174 De·Wettius,
461 4114 515 4176 ipse
536 4129 595 4163 vero
612 4114 670 4165 laxe
688 4116 720 4165 sit
737 4117 924 4181 interpretatus.
1029 4185 1032 4193 ‚

159 4302 195 4363 (2)
214 4300 274 4351 Vid.
300 4307 405 4364 utraque
426 4300 616 4359 Fritzschii,
640 4314 715 4362 quam
737 4315 814 4364 supra
836 4302 1044 4361 memoravimus,
1068 4311 1187 4353 consura;
1217 4312 1251 4347 ex

124 4408 229 4455 quarum
247 4393 383 4457 posteriore
404 4393 528 4456 imprimis
543 4393 667 4443 nonnulla
683 4393 709 4442 h.
726 4393 743 4441 l.
759 4394 939 4457 excerpsimus.
975 4391 1014 4443 Cf.
1032 4392 1165 4456 Anonymi
1184 4390 1253 4441 relu-
