2782 4958
133 322 194 384 llO
613 342 776 386 aanvroars

125 508 210 591 jecit,
237 507 358 571 alteram
382 509 661 572 commentationem
685 507 721 572 ab
744 508 922 572 eruditionis
944 509 1032 593 copia
1055 514 1087 574 ct
1109 531 1127 574 a
1147 511 1251 578 fervido

128 624 209 688 Sacri
233 622 348 685 Codicis
370 620 513 685 honorem
536 621 642 685 tuendi
664 621 765 686 studio
798 620 922 687 laudaut
944 622 1176 696 moderatiorcs;
1200 626 1250 687 ini·

127 738 272 821 quitatem
295 734 622 826 vercpeprehenduut,
646 739 708 819 qut
729 735 814 799 nullo
837 757 898 800 non
915 737 1068 822 vituperio
1088 737 1252 822 Apocryplra

127 851 294 936 proscindit
317 852 440 914 luctor.
467 884 508 897 -
540 849 740 915 Keerlium
770 850 876 916 acerbo
904 849 1027 916 illorum
1051 853 1252 916 criminatione

126 987 265 1050 superare
289 965 379 1029 etiam
398 963 475 1029 velle
497 964 618 1029 videtur
641 964 830 1040 Wildias;
854 968 907 1048 qui
929 968 994 1050 ipstr
1017 965 1114 1032 libelli
1135 968 1253 1053 iuscrip

127 1080 210 1143 tione
232 1100 348 1143 sacrum
371 1077 494 1142 illorum
516 1100 606 1143 usum
629 1100 683 1163 pro
701 1081 822 1158 piucrrlo
853 1101 916 1144 sese
946 1080 1054 1146 habere
1089 1084 1251 1168 profitetur,

127 1193 208 1277 qaod
232 1192 389 1258 Ecclesiam
410 1194 551 1276 inquinet
573 1194 685 1277 Deique
707 1194 735 1257 ei
757 1215 867 1278 poenas
889 1195 1055 1261 contrahat.
1076 1233 1121 1244 -
1144 1200 1254 1263 lirum-

126 1306 300 1373 macheri
323 1309 429 1384 theses,
454 1329 528 1391 quas
549 1309 679 1383 vocavit,
695 1309 986 1396 arati-apocryphicae
1000 1312 1191 1376 recensendis
1205 1312 1255 1377 sibi

125 1421 245 1506 placent
266 1426 297 1486 et
318 1421 533 1507 amplificandis
555 1421 745 1506 scriptorum,
775 1443 851 1505 quae
873 1445 911 1486 ex
934 1423 966 1486 C.
988 1425 1019 1488 S.
1042 1424 1169 1489 exclusa
1183 1425 1252 1502 vult,

128 1533 278 1598 erroribus
302 1556 336 1599 ac
356 1535 451 1599 vitiis.
500 1536 585 1610 Quod
616 1535 795 1600 invidiosius
823 1558 885 1599 nou
916 1559 993 1619 raro,
1027 1559 1120 1620 quam
1150 1541 1252 1621 verius,

129 1670 199 1714 cum
221 1669 319 1733 agere,
345 1671 405 1733 quo
427 1650 616 1733 potissimum
639 1648 764 1714 consilio
788 1652 939 1735 scripserit
969 1653 1170 1730 attendentes,
1201 1677 1254 1718 non

129 1762 311 1827 mirabimur.

174 1996 281 2079 llujus,
307 2017 395 2078 quam
419 1995 517 2059 dicere
540 1994 622 2069 licet,
648 1997 711 2059 Vet.
737 1995 915 2060 Testamenti
939 1994 1132 2079 Appendicis,
1166 1996 1257 2081 plures

129 2107 181 2172 elii
208 2111 365 2173 memorari
397 2115 567 2193 potuerant,
599 2129 728 2192 quorum
760 2130 855 2194 nuper
886 2108 965 2193 apud
995 2109 1159 2173 Germanos
1187 2111 1257 2174 edita

128 2225 190 2287 sint
211 2224 332 2308 scripta,
358 2221 406 2288 vel
429 2224 547 2307 patroni
571 2222 618 2287 vel
637 2223 796 2287 adversarii
812 2226 873 2306 (l).
912 2224 1017 2287 Verum
1033 2244 1110 2305 quae
1133 2224 1255 2298 narravi,

127 2359 197 2403 cum
221 2360 336 2414 eorum,
363 2359 437 2421 quos
459 2337 596 2419 subjecte
617 2338 650 2400 in
674 2338 865 2400 annotatione
888 2335 1017 2413 laudavi,
1036 2335 1149 2400 libellis
1171 2357 1204 2400 ao
1221 2356 1258 2399 re·

128 2451 292 2517 lationibus
314 2451 434 2527 collata,
460 2454 663 2534 quaestionem
688 2473 742 2515 nos
765 2452 899 2537 attigisse
928 2451 999 2515 satis
1028 2472 1181 2535 superque
1211 2450 1257 2513 do·

128 2566 252 2650 cebant,
277 2567 314 2631 de
337 2569 398 2650 qua
420 2567 623 2630 recentissimo
652 2566 708 2630 hoc
730 2572 875 2650 tempore,
908 2571 1048 2649 tanquam
1072 2586 1128 2650 pro
1152 2566 1259 2628 arisae

126 2681 214 2762 focis,
238 2681 278 2744 sit
300 2681 488 2745 dimicatum.
536 2681 638 2744 Tristis
666 2702 736 2744 sane
767 2680 882 2743 accidat
912 2685 1030 2764 oportet
1051 2679 1196 2756 Irerricr's,
1226 2678 1256 2740 in

127 2794 239 2880 quibus
268 2816 368 2859 meum
402 2797 544 2880 profiteor
577 2816 698 2872 nomen,
733 2793 891 2880 Theolcgis
924 2799 1007 2858 tauta
1041 2793 1114 2857 haec
1142 2792 1252 2871 litium,

127 2911 250 2975 Fratres
270 2909 349 2973 inter
370 2912 514 2989 actarum,
536 2907 734 2971 vehementia.
771 2909 821 2970 Est
836 2912 936 2971 tamen
951 2905 1255 2971 omuinolaetandnm

128 3023 274 3086 divinitus
309 3021 476 3106 periculum
506 3043 566 3085 esse
600 3018 772 3106 depulsum,
805 3021 897 3104 quod,
932 3021 1033 3085 litium
1063 3019 1119 3084 sub
1156 3021 1253 3099 initio,

127 3137 298 3200 Vicinorum
320 3142 489 3201 nostrorum
512 3134 658 3199 Ecclesiae
680 3136 814 3199 minitari
836 3133 1003 3215 videbatur,
1030 3158 1068 3199 ne
1092 3157 1171 3200 nova
1189 3134 1256 3199 hinc

118 3252 310 3315 'incrementa
332 3258 470 3336 caperent
489 3250 723 3315 Iartherurrorrrm
745 3249 871 3314 discidia
893 3272 927 3313 ac
948 3251 1200 3338 Reformatorem.
1226 3253 1256 3313 ln

124 3365 246 3429 adverset
269 3366 349 3429 euim
372 3367 500 3447 utratque
521 3385 622 3428 secum
643 3364 773 3428 invicem
795 3365 1032 3428 concertantium
1054 3365 1117 3428 acie
1141 3367 1256 3430 castris-

127 3501 186 3563 que
208 3485 239 3543 et
260 3482 359 3544 horum
383 3485 413 3543 et
435 3479 556 3543 illorum
576 3483 606 3542 et
620 3487 734 3544 coactae
756 3502 791 3543 err
812 3479 943 3563 atriaque
965 3481 1139 3544 Bomssicae
1162 3479 1256 3546 Eccle-

126 3595 187 3659 siae
209 3594 357 3658 sociorum
381 3615 443 3656 non
465 3615 575 3677 paucos
597 3595 763 3678 promiscue
791 3599 903 3659 stantes
926 3595 1062 3659 videmus
1084 3616 1118 3659 ac
1143 3595 1257 3681 depug-

129 3715 246 3773 nantes.
295 3711 401 3772 Verum
424 3729 527 3772 corum
551 3713 631 3772 certe
662 3707 813 3793 probanda
846 3730 907 3772 non
938 3714 984 3772 est
1011 3709 1170 3792 iniquitas,
1206 3717 1257 3793 qui

127 3825 227 3887 omnia
249 3822 298 3887 vel
320 3822 460 3906 pleraque
483 3825 546 3888 Vet.
573 3825 752 3888 Testamenti
775 3823 950 3908 Apocrypha
984 3824 1088 3887 eodem
1111 3823 1258 3909 complexi

127 3942 198 4002 sunt
220 3936 268 4002 vel
299 3936 463 4001 honorifico
489 3937 606 4020 judicio
635 3937 681 4003 vel
713 3939 928 4022 ignominios03
961 3939 1045 4021 quasi
1070 3960 1098 4001 e.
1123 3960 1157 4023 g.
1185 3960 1257 4021 quae

139 4107 307 4116 ---——-

164 4228 201 4290 (l)
222 4230 252 4279 lu
271 4229 364 4293 quibus
382 4229 555 4279 Ebrardus
573 4236 641 4279 certe
665 4232 837 4279 numerandus
856 4230 950 4287 fueret,
968 4230 1040 4293 cujus
1059 4231 1255 4280 commentario·

129 4325 182 4373 lum
203 4323 345 4388 (Zenpnr‘sse
361 4339 433 4389 pepon
451 4323 488 4372 die
505 4322 690 4388 Aporrpplren)‚
711 4321 792 4372 Basrr.
817 4328 897 4381 1851,
917 4338 1030 4374 seorsum
1050 4325 1146 4374 editum
1172 4333 1208 4373 cst
1226 4336 1254 4371 cx

130 4417 195 4481 Eph.
213 4415 320 4479 Reform.
340 4413 374 4464 K.
392 4416 425 4464 Z.
