2828 4950
632 338 809 383 ruaoaoors.
1219 322 1281 387 ibt

150 513 251 582 amen
275 507 319 584 hi,
345 506 565 591 qualescunque
588 508 706 571 tandem
729 509 803 585 sint,
826 509 926 592 operis
948 507 1084 571 defectus
1107 508 1197 593 longe
1219 529 1280 572 ma·

146 621 265 704 joribus
295 620 358 685 illis
388 626 631 705 compensantur,
665 642 740 706 quae
770 623 890 690 cunctis
913 621 1056 686 Auctoris
1078 620 1170 705 hujus
1191 641 1280 707 argu·

148 738 244 800 menti
267 737 387 820 seriptis
409 734 640 816 vindicavimus,
674 737 771 820 iisque
801 736 887 819 plane
909 734 1113 820 singularibus
1136 735 1223 800 bonis
1246 759 1280 802 ac

147 850 326 913 virtutibus.
375 852 477 934 Atque
508 851 629 934 integra
659 849 734 913 adeo
764 856 794 912 et
825 847 939 913 illibata
962 870 1078 936 semper
1100 850 1173 915 hacc
1196 853 1279 937 operi

147 965 214 1030 laus
243 962 395 1028 constabit
426 965 594 1047 bonosque,
627 965 725 1049 quod,
759 985 848 1047 quam
878 971 985 1028 testem
1017 973 1184 1051 temporum
1217 988 1281 1031 esse

147 1080 298 1154 norimus,
325 1079 502 1157 Historiam,
529 1101 594 1142 eam
622 1079 702 1142 vitae
729 1077 920 1142 Christianae
939 1088 1080 1163 tanquam
1100 1079 1279 1166 Magistrum

147 1199 237 1276 atquo
267 1192 507 1261 Admonitricem
544 1194 682 1277 propius,
718 1213 806 1275 quam
829 1189 998 1282 ‘quisquam'
1026 1193 1124 1258 adhuc
1145 1195 1276 1272 iecerat,

148 1303 273 1370 auribus
296 1307 408 1368 nostris
434 1307 612 1372 audiendam
635 1306 812 1383 admoverit,
846 1305 1014 1390 clariusque
1038 1311 1069 1369 et
1091 1306 1210 1376 facilius
1233 1328 1279 1371 sa·

146 1419 273 1483 luterem
296 1419 362 1502 ejus
384 1440 488 1483 vocem
513 1421 756 1484 animisnostris
778 1422 999 1504 percipiendam
1023 1419 1195 1504 praebuerit
1215 1422 1277 1507 (1).

192 1752 307 1816 Vereor
337 1753 398 1816 fere
431 1759 466 1816 ut
497 1754 711 1828 nonnullorum
743 1757 774 1819 iu
806 1756 1068 1840 reprehensionem
1099 1760 1279 1823 incurrerim

145 1867 304 1945 lectarum,
331 1867 411 1952 quod
435 1867 547 1930 nullam
572 1868 643 1932 dam
677 1869 760 1934 Vitae
787 1869 880 1949 Jaau,
903 1870 940 1934 ab
956 1871 1013 1935 hoc
1036 1871 1190 1957 Theologo
1210 1895 1279 1938 cou-

145 1985 292 2067 scriptae,
317 1983 498 2045 mentionem
522 1984 657 2047 iecerim.
706 1984 783 2048 Cum
814 1985 988 2068 praesertim
1020 1984 1071 2049 hic
1094 1987 1159 2068 ejus
1188 1985 1277 2063 liber,

145 2099 280 2182 quinquo
299 2097 360 2180 jam
385 2096 569 2162 editionibus
595 2099 802 2183 frequentatus
825 2079 980 2184 variasque
1003 2100 1034 2162 in
1058 2099 1197 2185 Europae
1219 2101 1278 2164 lin·

144 2233 220 2296 guas
243 2230 415 2290 conversus,
451 2215 509 2288 tot,
543 2217 617 2297 quot
648 2212 821 2295 paucissimi
853 2212 915 2292 alii,
949 2234 1058 2296 eosque
1090 2214 1280 2281 doctissimos

144 2325 295 2389 invenerit
314 2324 486 2418 ³laudatores
510 2327 569 2409 (a).
618 2325 781 2390 Enimvero
800 2327 862 2410 jam
886 2348 980 2402 nunc,
1007 2327 1075 2390 Viri
1099 2330 1279 2412 praestantii
1333 2353 1336 2357 ’

154 2525 302 2534 w

177 2644 215 2706 (1)
236 2641 346 2702 Quando
363 2645 450 2707 plures
464 2644 528 2706 jam,
547 2645 591 2706 qui
608 2645 639 2692 de
657 2642 681 2691 N
687 2643 806 2692 eondro
829 2650 951 2706 egerunt,
976 2657 1053 2706 supra
1071 2644 1277 2700 memoravimus,

143 2737 222 2786 Viros
249 2739 345 2795 doctos,
372 2752 423 2786 uon
448 2737 657 2786 committendum
683 2745 721 2785 est
747 2744 774 2785 ut
798 2737 908 2800 optimae
933 2735 1015 2798 frugis
1040 2735 1278 2786 commentationem

142 2829 310 2892 negligamus,
327 2844 403 2893 quae,
422 2829 537 2878 Auctore
555 2826 582 2876 J.
600 2844 658 2878 van
677 2827 779 2889 Gilse,
797 2829 908 2892 reposita
925 2835 1008 2878 exstat
1025 2825 1278 2892 isopleurum

141 2937 197 2968 eaor
220 2920 390 2986 warnachopp.
416 2919 494 2970 Tteol.
518 2919 599 2983 (Traj.
629 2923 661 2970 ad
682 2920 731 2970 Ru.
753 2923 828 2982 1851)
852 2921 902 2971 IX.
927 2927 951 2971 2.
976 2937 1002 2985 p.
1028 2925 1172 2970 ato-aot.
1206 2917 1277 2970 Haec

140 3014 210 3063 euim
233 3016 413 3072 commentatio
437 3014 554 3086 modeste
574 3015 677 3076 quidam
699 3015 858 3064 inscribitur:
886 3012 987 3078 Aliquod
1012 3014 1041 3063 de
1058 3014 1093 3063 A.
1116 3014 1160 3069 N.;
1186 3027 1275 3063 verum

141 3120 193 3154 non
210 3104 310 3168 utquid
330 3107 375 3156 sed
393 3108 520 3170 permulta
536 3103 621 3170 potius
638 3108 752 3156 continet
773 3107 876 3169 cognitu
893 3107 1050 3169 dignissima.

175 3199 291 3248 Necdum
310 3196 460 3249 Ottonem
478 3199 604 3248 Krabbe
622 3178 1002 3261 memoravimus,Tbeologiae
1020 3197 1193 3247 Professorem
1209 3197 1276 3246 Ros·

140 3291 309 3350 tocbiensem,
338 3293 382 3355 qui
407 3293 454 3340 hta
479 3291 643 3354 inscriptione
667 3290 781 3340 libellum
812 3290 902 3340 edidit:
927 3289 961 3338 A.
985 3289 1017 3338 N.
1041 3287 1094 3338 aaa
1122 3288 1226 3353 Baitroq
1249 3305 1273 3336 ε.

139 3385 217 3433 eaaar
234 3383 429 3448 Oiai-actorialq
447 3385 540 3433 Hamb.
562 3388 633 3432 1852.
662 3384 710 3447 Pp.
731 3387 787 3433 175.
824 3383 908 3444 Quom
930 3383 1003 3432 valde
1028 3383 1158 3432 laudatum
1184 3381 1237 3454 ridi
1259 3396 1275 3430 a

97 3488 100 3492 “
140 3477 173 3525 Τ.
190 3475 319 3536 Coloni,
343 3478 368 3526 iu
387 3479 426 3536 et,
449 3477 523 3539 cujus
545 3477 634 3527 Editor
652 3484 701 3527 cst:
719 3475 800 3525 Ranae
817 3475 846 3524 da
864 3474 1004 3540 1711111192,-
1028 3477 1059 3523 ad
1077 3490 1101 3523 a.
1124 3477 1197 3532 1852,
1217 3471 1272 3522 tut.

140 3574 174 3618 83
193 3583 247 3632 sqq.

174 3661 291 3712 Tertium
317 3664 341 3711 b.
366 3663 384 3711 1.
411 3662 533 3711 lectorum
553 3663 579 3710 in
598 3665 746 3712 memoriam
764 3658 919 3726 scriptorem
936 3674 1027 3712 revoco
1045 3658 1272 3709 Willibaldum

138 3754 335 3818 chschlagt
354 3755 426 3818 cujus
451 3769 611 3819 nequaquam
636 3755 817 3818 negligendum
843 3756 905 3804 mihi
931 3757 1030 3805 videtur
1047 3757 1078 3803 de
1096 3753 1131 3802 A.
1149 3751 1184 3801 N.
1203 3765 1272 3801 corn·

136 3846 332 3902 mortariolum,
361 3848 498 3911 repositum
524 3850 550 3896 in
576 3849 711 3896 Krafftii
738 3855 764 3896 ct
789 3846 943 3896 Goobelii
975 3843 1170 3908 Monatesatn'fl.
1193 3845 1220 3906 f.
1243 3841 1269 3890 d.

115 3954 219 4002 anano.
237 3938 329 3988 Kircia
348 3938 390 3987 dor
407 3937 551 4004 ereiaproo.
567 3957 591 3990 o.
614 3939 727 4004 Wastpb,
746 3941 776 3990 ad
795 3956 829 3990 tn·
848 3939 987 4002 Septembr.
1008 3943 1080 3997 1850,
1101 3953 1127 4001 p.
1149 3940 1194 3985 125
1215 3949 1271 3999 sqq.

172 4033 213 4094 (2)
229 4031 287 4080 Dat
304 4031 382 4081 Labeo
399 4032 425 4082 J.
445 4031 473 4081 0.
491 4033 516 4081 io
529 4033 614 4082 ranam
629 4031 763 4098 petaticbtl.
780 4030 987 4092 Zusammenbaup
1001 4045 1026 4078 u.
1043 4029 1120 4077 aanor
1135 4027 1270 4093 qescbt‘cbtl.

136 4123 318 4191 Eatwicketuop
339 4125 483 4190 darpaatellt.
520 4127 608 4176 Prima
632 4128 672 4176 ed.
699 4126 791 4175 Hamb.
817 4128 895 4179 18373
923 4131 1022 4187 quarta,
1050 4137 1127 4185 quam
1154 4122 1271 4172 ultimam

135 4220 191 4283 ipse
212 4220 311 4268 curarit
335 4218 448 4279 Auctor,
474 4219 533 4269 ibid.
562 4225 637 4269 1845.
672 4219 736 4269 Post
759 4220 840 4273 illius,
854 4226 960 4267 mortem
987 4218 1075 4280 quinta
1094 4215 1198 4277 vulgata
1220 4224 1269 4275 est,

135 4313 196 4361 ibid.
216 4317 289 4362 1852.
313 4311 370 4372 Quo
388 4313 442 4375 ipso
461 4327 528 4361 anno
547 4311 651 4362 Parisiis
665 4311 856 4375 Francogaliiee
873 4325 1022 4360 conversum
1034 4323 1110 4373 opus,
1127 4306 1155 4357 11
1168 4307 1268 4367 Tomis,

134 4405 215 4454 edidit
232 4403 264 4452 P.
285 4402 364 4465 Goy.
381 4429 411 4438 -
432 4402 464 4452 Et
488 4405 549 4453 lraec
572 4404 745 4466 interpretatio
768 4402 839 4452 raldo
864 4403 997 4462 laudatur,
1022 4406 1047 4449 et
1069 4398 1269 4461 Nederlandica,
