<?xml version="1.0" encoding="UTF-8"?>
<!DOCTYPE html PUBLIC "-//W3C//DTD XHTML 1.0 Transitional//EN"
    "http://www.w3.org/TR/xhtml1/DTD/xhtml1-transitional.dtd">
<html xmlns="http://www.w3.org/1999/xhtml" xml:lang="en" lang="en">
 <head>
  <title>
</title>
<meta http-equiv="Content-Type" content="text/html;charset=utf-8" />
  <meta name='ocr-system' content='tesseract 3.04.00' />
  <meta name='ocr-capabilities' content='ocr_page ocr_carea ocr_par ocr_line ocrx_word'/>
</head>
<body>
  <div class='ocr_page' id='page_1' title='image "./chartaetheologi00boumgoog_0082.png"; bbox 0 0 2782 4958; ppageno 0'>
   <div class='ocr_carea' id='block_1_1' title="bbox 600 337 1239 398">
    <p class='ocr_par' dir='ltr' id='par_1_1' title="bbox 600 337 1239 398">
     <span class='ocr_line' id='line_1_1' title="bbox 600 337 1239 398; baseline 0.003 -2"><span class='ocrx_word' id='word_1_1' title='bbox 600 353 764 397; x_wconf 75' lang='lat' dir='ltr'>canaonas.</span> <span class='ocrx_word' id='word_1_2' title='bbox 1197 337 1239 398; x_wconf 83' lang='lat'>65</span> 
     </span>
    </p>
   </div>
   <div class='ocr_carea' id='block_1_2' title="bbox 102 512 1238 1294">
    <p class='ocr_par' dir='ltr' id='par_1_2' title="bbox 102 512 1238 1294">
     <span class='ocr_line' id='line_1_2' title="bbox 110 512 1236 609; baseline 0.004 -24"><span class='ocrx_word' id='word_1_3' title='bbox 110 512 400 588; x_wconf 42' lang='lat' dir='ltr'>etDe&#39;·Wettius</span> <span class='ocrx_word' id='word_1_4' title='bbox 415 525 447 585; x_wconf 88' lang='lat' dir='ltr'>et</span> <span class='ocrx_word' id='word_1_5' title='bbox 463 521 525 606; x_wconf 88' lang='lat' dir='ltr'>ipse</span> <span class='ocrx_word' id='word_1_6' title='bbox 537 519 882 609; x_wconf 84' lang='lat' dir='ltr'>adeoWinerus(l).</span> <span class='ocrx_word' id='word_1_7' title='bbox 907 520 956 588; x_wconf 83' lang='lat' dir='ltr'>Ad</span> <span class='ocrx_word' id='word_1_8' title='bbox 971 542 1048 606; x_wconf 88' lang='lat' dir='ltr'>quos</span> <span class='ocrx_word' id='word_1_9' title='bbox 1059 523 1236 590; x_wconf 82' lang='lat' dir='ltr'>refutandos</span> 
     </span>
     <span class='ocr_line' id='line_1_3' title="bbox 109 636 1237 724; baseline 0.003 -22"><span class='ocrx_word' id='word_1_10' title='bbox 109 657 177 720; x_wconf 88' lang='lat' dir='ltr'>quac</span> <span class='ocrx_word' id='word_1_11' title='bbox 203 637 278 723; x_wconf 92' lang='lat' dir='ltr'>(uon</span> <span class='ocrx_word' id='word_1_12' title='bbox 302 658 357 702; x_wconf 91' lang='lat' dir='ltr'>suo</span> <span class='ocrx_word' id='word_1_13' title='bbox 379 637 501 722; x_wconf 90' lang='lat' dir='ltr'>quidem</span> <span class='ocrx_word' id='word_1_14' title='bbox 524 636 604 718; x_wconf 90' lang='lat' dir='ltr'>loco,</span> <span class='ocrx_word' id='word_1_15' title='bbox 629 636 682 701; x_wconf 87' lang='lat' dir='ltr'>sed</span> <span class='ocrx_word' id='word_1_16' title='bbox 705 637 806 701; x_wconf 90' lang='lat' dir='ltr'>minus</span> <span class='ocrx_word' id='word_1_17' title='bbox 828 641 997 722; x_wconf 88' lang='lat' dir='ltr'>opportune</span> <span class='ocrx_word' id='word_1_18' title='bbox 1027 641 1178 724; x_wconf 72' lang='lat' dir='ltr'>ccepeticri</span> <span class='ocrx_word' id='word_1_19' title='bbox 1203 640 1237 704; x_wconf 93' lang='lat' dir='ltr'>iu</span> 
     </span>
     <span class='ocr_line' id='line_1_4' title="bbox 107 750 1238 838; baseline 0.003 -22"><span class='ocrx_word' id='word_1_20' title='bbox 107 751 190 838; x_wconf 79' lang='lat' dir='ltr'>nott)</span> <span class='ocrx_word' id='word_1_21' title='bbox 219 753 295 816; x_wconf 89' lang='lat' dir='ltr'>satis</span> <span class='ocrx_word' id='word_1_22' title='bbox 325 752 445 836; x_wconf 79' lang='lat' dir='ltr'><strong>copiose</strong></span> <span class='ocrx_word' id='word_1_23' title='bbox 474 750 643 837; x_wconf 80' lang='lat' dir='ltr'><strong>depromit,</strong></span> <span class='ocrx_word' id='word_1_24' title='bbox 672 752 827 837; x_wconf 87' lang='lat' dir='ltr'>argutiora</span> <span class='ocrx_word' id='word_1_25' title='bbox 853 751 927 817; x_wconf 91' lang='lat' dir='ltr'>haec</span> <span class='ocrx_word' id='word_1_26' title='bbox 949 758 1039 828; x_wconf 83' lang='lat' dir='ltr'>sunt,</span> <span class='ocrx_word' id='word_1_27' title='bbox 1070 774 1160 838; x_wconf 89' lang='lat' dir='ltr'>quam</span> <span class='ocrx_word' id='word_1_28' title='bbox 1187 776 1238 819; x_wconf 80' lang='lat' dir='ltr'>ae·</span> 
     </span>
     <span class='ocr_line' id='line_1_5' title="bbox 108 863 1234 954; baseline 0.005 -26"><span class='ocrx_word' id='word_1_29' title='bbox 108 865 192 943; x_wconf 87' lang='lat' dir='ltr'>riora;</span> <span class='ocrx_word' id='word_1_30' title='bbox 219 870 311 950; x_wconf 87' lang='lat' dir='ltr'>atque</span> <span class='ocrx_word' id='word_1_31' title='bbox 333 865 368 929; x_wconf 94' lang='lat' dir='ltr'>in</span> <span class='ocrx_word' id='word_1_32' title='bbox 389 863 499 931; x_wconf 79' lang='lat' dir='ltr'>Paulli</span> <span class='ocrx_word' id='word_1_33' title='bbox 517 867 599 929; x_wconf 88' lang='lat' dir='ltr'>certo</span> <span class='ocrx_word' id='word_1_34' title='bbox 622 865 726 930; x_wconf 90' lang='lat' dir='ltr'>stilum</span> <span class='ocrx_word' id='word_1_35' title='bbox 741 887 802 931; x_wconf 94' lang='lat' dir='ltr'>uon</span> <span class='ocrx_word' id='word_1_36' title='bbox 818 868 1014 949; x_wconf 84' lang='lat' dir='ltr'>conveniunt,</span> <span class='ocrx_word' id='word_1_37' title='bbox 1032 869 1110 954; x_wconf 92' lang='lat' dir='ltr'>apud</span> <span class='ocrx_word' id='word_1_38' title='bbox 1131 890 1234 954; x_wconf 88' lang='lat' dir='ltr'>quem,</span> 
     </span>
     <span class='ocr_line' id='line_1_6' title="bbox 107 980 1237 1069; baseline 0.004 -24"><span class='ocrx_word' id='word_1_39' title='bbox 107 981 237 1062; x_wconf 82' lang='lat' dir='ltr'>quamvis</span> <span class='ocrx_word' id='word_1_40' title='bbox 268 982 383 1046; x_wconf 79' lang='lat' dir='ltr'>Graece</span> <span class='ocrx_word' id='word_1_41' title='bbox 412 980 659 1056; x_wconf 81' lang='lat' dir='ltr'>scientissimum,</span> <span class='ocrx_word' id='word_1_42' title='bbox 693 980 910 1048; x_wconf 85' lang='lat' dir='ltr'>limatissimam</span> <span class='ocrx_word' id='word_1_43' title='bbox 943 981 1025 1046; x_wconf 91' lang='lat' dir='ltr'>illam</span> <span class='ocrx_word' id='word_1_44' title='bbox 1056 983 1237 1069; x_wconf 77' lang='lat' dir='ltr'><strong>elegantiam</strong></span> 
     </span>
     <span class='ocr_line' id='line_1_7' title="bbox 105 1075 1234 1186; baseline 0.005 -29"><span class='ocrx_word' id='word_1_45' title='bbox 105 1099 128 1158; x_wconf 85' lang='lat' dir='ltr'>et</span> <span class='ocrx_word' id='word_1_46' title='bbox 157 1095 399 1159; x_wconf 80' lang='lat' dir='ltr'>concinnitatem</span> <span class='ocrx_word' id='word_1_47' title='bbox 428 1075 541 1178; x_wconf 78' lang='lat' dir='ltr'>frustra</span> <span class='ocrx_word' id='word_1_48' title='bbox 569 1115 712 1178; x_wconf 88' lang='lat' dir='ltr'>quaeras,</span> <span class='ocrx_word' id='word_1_49' title='bbox 745 1116 836 1186; x_wconf 85' lang='lat' dir='ltr'>quam</span> <span class='ocrx_word' id='word_1_50' title='bbox 870 1096 984 1162; x_wconf 84' lang='lat' dir='ltr'>Atticis</span> <span class='ocrx_word' id='word_1_51' title='bbox 1014 1093 1234 1182; x_wconf 81' lang='lat' dir='ltr'>scriptoribus,</span> 
     </span>
     <span class='ocr_line' id='line_1_8' title="bbox 102 1205 1237 1294; baseline 0.002 -20"><span class='ocrx_word' id='word_1_52' title='bbox 102 1210 187 1274; x_wconf 89' lang='lat' dir='ltr'>nodo</span> <span class='ocrx_word' id='word_1_53' title='bbox 217 1230 309 1288; x_wconf 84' lang='lat' dir='ltr'>vere,</span> <span class='ocrx_word' id='word_1_54' title='bbox 336 1209 425 1273; x_wconf 84' lang='lat' dir='ltr'>modo</span> <span class='ocrx_word' id='word_1_55' title='bbox 447 1209 522 1294; x_wconf 89' lang='lat' dir='ltr'>ipsis</span> <span class='ocrx_word' id='word_1_56' title='bbox 551 1205 743 1287; x_wconf 73' lang='lat' dir='ltr'>nolentibus,</span> <span class='ocrx_word' id='word_1_57' title='bbox 775 1207 915 1274; x_wconf 87' lang='lat' dir='ltr'>hodierni</span> <span class='ocrx_word' id='word_1_58' title='bbox 945 1209 1084 1274; x_wconf 89' lang='lat' dir='ltr'>nonnulli</span> <span class='ocrx_word' id='word_1_59' title='bbox 1112 1210 1162 1275; x_wconf 85' lang='lat' dir='ltr'>vel</span> <span class='ocrx_word' id='word_1_60' title='bbox 1184 1213 1237 1276; x_wconf 87' lang='lat' dir='ltr'>tri·</span> 
     </span>
    </p>
   </div>
   <div class='ocr_carea' id='block_1_3' title="bbox 99 1320 1367 1421">
    <p class='ocr_par' dir='ltr' id='par_1_3' title="bbox 99 1320 1367 1421">
     <span class='ocr_line' id='line_1_9' title="bbox 99 1320 1367 1421; baseline 0.003 -35"><span class='ocrx_word' id='word_1_61' title='bbox 99 1320 198 1392; x_wconf 89' lang='lat' dir='ltr'>luunt</span> <span class='ocrx_word' id='word_1_62' title='bbox 232 1325 283 1390; x_wconf 77' lang='lat' dir='ltr'>rel</span> <span class='ocrx_word' id='word_1_63' title='bbox 312 1323 482 1390; x_wconf 90' lang='lat' dir='ltr'>obtrudunt</span> <span class='ocrx_word' id='word_1_64' title='bbox 510 1325 701 1409; x_wconf 85' lang='lat' dir='ltr'>interpretes.</span> <span class='ocrx_word' id='word_1_65' title='bbox 749 1323 795 1388; x_wconf 79' lang='lat' dir='ltr'>llo</span> <span class='ocrx_word' id='word_1_66' title='bbox 817 1324 1006 1389; x_wconf 80' lang='lat' dir='ltr'>commodius</span> <span class='ocrx_word' id='word_1_67' title='bbox 1036 1328 1135 1389; x_wconf 92' lang='lat' dir='ltr'>autem</span> <span class='ocrx_word' id='word_1_68' title='bbox 1167 1331 1237 1390; x_wconf 91' lang='lat' dir='ltr'>ante</span> <span class='ocrx_word' id='word_1_69' title='bbox 1364 1416 1367 1421; x_wconf 42' lang='lat'><em>,</em></span> 
     </span>
    </p>
   </div>
   <div class='ocr_carea' id='block_1_4' title="bbox 78 1437 1239 3008">
    <p class='ocr_par' dir='ltr' id='par_1_4' title="bbox 78 1437 1239 3008">
     <span class='ocr_line' id='line_1_10' title="bbox 92 1437 1237 1526; baseline 0.002 -24"><span class='ocrx_word' id='word_1_70' title='bbox 92 1440 225 1506; x_wconf 85' lang='lat' dir='ltr'>verbum</span> <span class='ocrx_word' id='word_1_71' title='bbox 249 1447 386 1526; x_wconf 77' lang='grc' dir='ltr'>γράφειν</span> <span class='ocrx_word' id='word_1_72' title='bbox 410 1439 595 1504; x_wconf 80' lang='lat' dir='ltr'>accusativus</span> <span class='ocrx_word' id='word_1_73' title='bbox 617 1437 797 1503; x_wconf 91' lang='lat' dir='ltr'>subauditur</span> <span class='ocrx_word' id='word_1_74' title='bbox 819 1437 867 1502; x_wconf 86' lang='lat' dir='ltr'>vel</span> <span class='ocrx_word' id='word_1_75' title='bbox 891 1439 957 1523; x_wconf 79' lang='grc' dir='ltr'><strong><em>ἐμέ,</em></strong></span> <span class='ocrx_word' id='word_1_76' title='bbox 983 1437 1031 1502; x_wconf 89' lang='lat' dir='ltr'>vel</span> <span class='ocrx_word' id='word_1_77' title='bbox 1057 1447 1163 1525; x_wconf 73' lang='grc' dir='ltr'><strong><em>ἡμᾶς,</em></strong></span> <span class='ocrx_word' id='word_1_78' title='bbox 1188 1440 1237 1504; x_wconf 85' lang='lat' dir='ltr'>vel</span> 
     </span>
     <span class='ocr_line' id='line_1_11' title="bbox 83 1552 1235 1640; baseline -0.001 -19"><span class='ocrx_word' id='word_1_79' title='bbox 83 1557 199 1636; x_wconf 88' lang='lat' dir='ltr'>potius</span> <span class='ocrx_word' id='word_1_80' title='bbox 223 1556 384 1620; x_wconf 86' lang='lat' dir='ltr'>indefinito</span> <span class='ocrx_word' id='word_1_81' title='bbox 406 1561 495 1631; x_wconf 75' lang='grc' dir='ltr'>τινά,</span> <span class='ocrx_word' id='word_1_82' title='bbox 512 1574 574 1640; x_wconf 91' lang='lat' dir='ltr'>quo</span> <span class='ocrx_word' id='word_1_83' title='bbox 595 1553 714 1618; x_wconf 86' lang='lat' dir='ltr'>facilius</span> <span class='ocrx_word' id='word_1_84' title='bbox 728 1552 788 1618; x_wconf 88' lang='lat' dir='ltr'>tale</span> <span class='ocrx_word' id='word_1_85' title='bbox 811 1553 884 1638; x_wconf 92' lang='lat' dir='ltr'>quid</span> <span class='ocrx_word' id='word_1_86' title='bbox 900 1553 1027 1638; x_wconf 88' lang='lat' dir='ltr'>requiri,</span> <span class='ocrx_word' id='word_1_87' title='bbox 1046 1575 1083 1618; x_wconf 89' lang='lat' dir='ltr'>ex</span> <span class='ocrx_word' id='word_1_88' title='bbox 1098 1556 1235 1640; x_wconf 87' lang='lat' dir='ltr'>proxime</span> 
     </span>
     <span class='ocr_line' id='line_1_12' title="bbox 82 1665 1234 1754; baseline 0.005 -26"><span class='ocrx_word' id='word_1_89' title='bbox 82 1673 247 1754; x_wconf 85' lang='lat' dir='ltr'>sequente</span> <span class='ocrx_word' id='word_1_90' title='bbox 277 1668 431 1752; x_wconf 88' lang='lat' dir='ltr'>disjuncto</span> <span class='ocrx_word' id='word_1_91' title='bbox 464 1668 678 1736; x_wconf 80' lang='grc' dir='ltr'>θεοδίδακτοι</span> <span class='ocrx_word' id='word_1_92' title='bbox 709 1665 883 1752; x_wconf 83' lang='lat' dir='ltr'>intelligere</span> <span class='ocrx_word' id='word_1_93' title='bbox 919 1671 1060 1752; x_wconf 88' lang='lat' dir='ltr'>poterant</span> <span class='ocrx_word' id='word_1_94' title='bbox 1091 1669 1234 1736; x_wconf 88' lang='lat' dir='ltr'>lectores.</span> 
     </span>
     <span class='ocr_line' id='line_1_13' title="bbox 82 1779 1238 1866; baseline 0.002 -18"><span class='ocrx_word' id='word_1_95' title='bbox 82 1779 192 1855; x_wconf 86' lang='lat' dir='ltr'>Quod</span> <span class='ocrx_word' id='word_1_96' title='bbox 215 1803 280 1847; x_wconf 90' lang='lat' dir='ltr'>non</span> <span class='ocrx_word' id='word_1_97' title='bbox 302 1782 375 1846; x_wconf 87' lang='lat' dir='ltr'>satis</span> <span class='ocrx_word' id='word_1_98' title='bbox 397 1781 561 1846; x_wconf 87' lang='lat' dir='ltr'>attendisse</span> <span class='ocrx_word' id='word_1_99' title='bbox 583 1779 736 1857; x_wconf 84' lang='lat' dir='ltr'>videntur,</span> <span class='ocrx_word' id='word_1_100' title='bbox 762 1782 814 1866; x_wconf 94' lang='lat' dir='ltr'>qui</span> <span class='ocrx_word' id='word_1_101' title='bbox 838 1781 896 1845; x_wconf 93' lang='lat' dir='ltr'>hoc</span> <span class='ocrx_word' id='word_1_102' title='bbox 919 1782 957 1847; x_wconf 90' lang='lat' dir='ltr'>de</span> <span class='ocrx_word' id='word_1_103' title='bbox 980 1782 1047 1847; x_wconf 93' lang='lat' dir='ltr'>loco</span> <span class='ocrx_word' id='word_1_104' title='bbox 1069 1783 1102 1848; x_wconf 93' lang='lat' dir='ltr'>in</span> <span class='ocrx_word' id='word_1_105' title='bbox 1125 1789 1238 1850; x_wconf 85' lang='lat' dir='ltr'>utram·</span> 
     </span>
     <span class='ocr_line' id='line_1_14' title="bbox 80 1895 1238 1982; baseline 0.003 -19"><span class='ocrx_word' id='word_1_106' title='bbox 80 1915 152 1980; x_wconf 89' lang='lat' dir='ltr'>que</span> <span class='ocrx_word' id='word_1_107' title='bbox 178 1901 298 1982; x_wconf 90' lang='lat' dir='ltr'>partem</span> <span class='ocrx_word' id='word_1_108' title='bbox 321 1895 540 1981; x_wconf 77' lang='lat' dir='ltr'>discepttrunt,</span> <span class='ocrx_word' id='word_1_109' title='bbox 572 1896 641 1961; x_wconf 87' lang='lat' dir='ltr'>Viri</span> <span class='ocrx_word' id='word_1_110' title='bbox 665 1896 756 1962; x_wconf 86' lang='lat' dir='ltr'>docti.</span> <span class='ocrx_word' id='word_1_111' title='bbox 802 1896 872 1961; x_wconf 84' lang='lat' dir='ltr'>Jam</span> <span class='ocrx_word' id='word_1_112' title='bbox 904 1918 993 1978; x_wconf 87' lang='lat' dir='ltr'>vero,</span> <span class='ocrx_word' id='word_1_113' title='bbox 1025 1903 1061 1964; x_wconf 86' lang='lat' dir='ltr'>ut</span> <span class='ocrx_word' id='word_1_114' title='bbox 1091 1901 1238 1967; x_wconf 89' lang='lat' dir='ltr'>rationem</span> 
     </span>
     <span class='ocr_line' id='line_1_15' title="bbox 78 2009 1239 2096; baseline 0.002 -20"><span class='ocrx_word' id='word_1_115' title='bbox 78 2011 221 2076; x_wconf 84' lang='lat' dir='ltr'>taudem</span> <span class='ocrx_word' id='word_1_116' title='bbox 235 2009 458 2091; x_wconf 84' lang='lat' dir='ltr'>concludamus,</span> <span class='ocrx_word' id='word_1_117' title='bbox 473 2011 720 2096; x_wconf 83' lang='lat' dir='ltr'>gravissimorum</span> <span class='ocrx_word' id='word_1_118' title='bbox 736 2012 768 2075; x_wconf 95' lang='lat' dir='ltr'>iu</span> <span class='ocrx_word' id='word_1_119' title='bbox 781 2011 918 2086; x_wconf 85' lang='lat' dir='ltr'>testium,</span> <span class='ocrx_word' id='word_1_120' title='bbox 934 2012 1163 2096; x_wconf 81' lang='lat' dir='ltr'>cujusmodihlc</span> <span class='ocrx_word' id='word_1_121' title='bbox 1178 2021 1239 2095; x_wconf 87' lang='lat' dir='ltr'>est,</span> 
     </span>
     <span class='ocr_line' id='line_1_16' title="bbox 81 2124 1238 2211; baseline 0.002 -21"><span class='ocrx_word' id='word_1_122' title='bbox 81 2125 302 2208; x_wconf 85' lang='lat' dir='ltr'>dissensione,</span> <span class='ocrx_word' id='word_1_123' title='bbox 326 2146 404 2211; x_wconf 90' lang='lat' dir='ltr'>quac</span> <span class='ocrx_word' id='word_1_124' title='bbox 426 2124 530 2206; x_wconf 87' lang='lat' dir='ltr'>lectio,</span> <span class='ocrx_word' id='word_1_125' title='bbox 555 2126 692 2210; x_wconf 83' lang='lat' dir='ltr'>quamvis</span> <span class='ocrx_word' id='word_1_126' title='bbox 714 2124 823 2191; x_wconf 88' lang='lat' dir='ltr'>bonam</span> <span class='ocrx_word' id='word_1_127' title='bbox 846 2125 958 2191; x_wconf 90' lang='lat' dir='ltr'>habens</span> <span class='ocrx_word' id='word_1_128' title='bbox 980 2129 1171 2209; x_wconf 88' lang='lat' dir='ltr'>sententiam,</span> <span class='ocrx_word' id='word_1_129' title='bbox 1193 2133 1238 2192; x_wconf 85' lang='lat' dir='ltr'>ta·</span> 
     </span>
     <span class='ocr_line' id='line_1_17' title="bbox 80 2239 1235 2333; baseline 0.001 -27"><span class='ocrx_word' id='word_1_130' title='bbox 80 2261 166 2306; x_wconf 91' lang='lat' dir='ltr'>men</span> <span class='ocrx_word' id='word_1_131' title='bbox 192 2241 297 2306; x_wconf 90' lang='lat' dir='ltr'>minus</span> <span class='ocrx_word' id='word_1_132' title='bbox 319 2239 445 2333; x_wconf 31' lang='lat' dir='ltr'>elegans·</span> <span class='ocrx_word' id='word_1_133' title='bbox 462 2240 559 2306; x_wconf 83' lang='lat' dir='ltr'>videri</span> <span class='ocrx_word' id='word_1_134' title='bbox 582 2244 701 2324; x_wconf 87' lang='lat' dir='ltr'>poterat</span> <span class='ocrx_word' id='word_1_135' title='bbox 722 2261 757 2304; x_wconf 93' lang='lat' dir='ltr'>ac</span> <span class='ocrx_word' id='word_1_136' title='bbox 772 2239 912 2306; x_wconf 76' lang='lat' dir='ltr'>librarios</span> <span class='ocrx_word' id='word_1_137' title='bbox 927 2241 1078 2306; x_wconf 84' lang='lat' dir='ltr'>offendere</span> <span class='ocrx_word' id='word_1_138' title='bbox 1093 2241 1235 2327; x_wconf 88' lang='lat' dir='ltr'>debebat,</span> 
     </span>
     <span class='ocr_line' id='line_1_18' title="bbox 83 2352 1236 2443; baseline 0.002 -23"><span class='ocrx_word' id='word_1_139' title='bbox 83 2355 198 2440; x_wconf 88' lang='lat' dir='ltr'>qualis</span> <span class='ocrx_word' id='word_1_140' title='bbox 222 2352 274 2417; x_wconf 78' lang='lat' dir='ltr'>uto</span> <span class='ocrx_word' id='word_1_141' title='bbox 296 2360 416 2439; x_wconf 89' lang='lat' dir='ltr'>recepta</span> <span class='ocrx_word' id='word_1_142' title='bbox 439 2357 540 2443; x_wconf 75' lang='grc' dir='ltr'><strong><em>ἔχετε,</em></strong></span> <span class='ocrx_word' id='word_1_143' title='bbox 563 2376 597 2418; x_wconf 90' lang='lat' dir='ltr'>ea</span> <span class='ocrx_word' id='word_1_144' title='bbox 620 2355 742 2418; x_wconf 90' lang='lat' dir='ltr'>omniuo</span> <span class='ocrx_word' id='word_1_145' title='bbox 765 2355 896 2440; x_wconf 88' lang='lat' dir='ltr'>potiores</span> <span class='ocrx_word' id='word_1_146' title='bbox 920 2355 984 2420; x_wconf 85' lang='lat' dir='ltr'>veri</span> <span class='ocrx_word' id='word_1_147' title='bbox 1006 2361 1106 2441; x_wconf 87' lang='lat' dir='ltr'>partes</span> <span class='ocrx_word' id='word_1_148' title='bbox 1126 2355 1236 2422; x_wconf 90' lang='lat' dir='ltr'>habere</span> 
     </span>
     <span class='ocr_line' id='line_1_19' title="bbox 84 2466 1237 2554; baseline 0.002 -21"><span class='ocrx_word' id='word_1_149' title='bbox 84 2468 250 2533; x_wconf 86' lang='lat' dir='ltr'>censenda</span> <span class='ocrx_word' id='word_1_150' title='bbox 273 2472 330 2533; x_wconf 88' lang='lat' dir='ltr'>est.</span> <span class='ocrx_word' id='word_1_151' title='bbox 387 2467 468 2532; x_wconf 92' lang='lat' dir='ltr'>Nam</span> <span class='ocrx_word' id='word_1_152' title='bbox 499 2466 580 2552; x_wconf 89' lang='lat' dir='ltr'>quod</span> <span class='ocrx_word' id='word_1_153' title='bbox 605 2470 714 2554; x_wconf 67' lang='lat' dir='ltr'>prima</span> <span class='ocrx_word' id='word_1_154' title='bbox 741 2490 779 2533; x_wconf 87' lang='lat' dir='ltr'>ex</span> <span class='ocrx_word' id='word_1_155' title='bbox 808 2469 941 2533; x_wconf 77' lang='lat' dir='ltr'>emtione</span> <span class='ocrx_word' id='word_1_156' title='bbox 963 2491 1078 2535; x_wconf 80' lang='lat' dir='ltr'>nonam</span> <span class='ocrx_word' id='word_1_157' title='bbox 1105 2469 1182 2536; x_wconf 86' lang='lat' dir='ltr'>hanc</span> <span class='ocrx_word' id='word_1_158' title='bbox 1203 2471 1237 2535; x_wconf 89' lang='lat' dir='ltr'>in</span> 
     </span>
     <span class='ocr_line' id='line_1_20' title="bbox 87 2581 1235 2671; baseline 0.001 -23"><span class='ocrx_word' id='word_1_159' title='bbox 87 2584 265 2648; x_wconf 89' lang='lat' dir='ltr'>sectionem</span> <span class='ocrx_word' id='word_1_160' title='bbox 287 2581 365 2646; x_wconf 90' lang='lat' dir='ltr'>male</span> <span class='ocrx_word' id='word_1_161' title='bbox 387 2582 541 2647; x_wconf 83' lang='lat' dir='ltr'>invectum</span> <span class='ocrx_word' id='word_1_162' title='bbox 564 2603 629 2647; x_wconf 85' lang='lat' dir='ltr'>esse</span> <span class='ocrx_word' id='word_1_163' title='bbox 651 2585 740 2671; x_wconf 77' lang='grc' dir='ltr'><em>ἔχετε</em></span> <span class='ocrx_word' id='word_1_164' title='bbox 764 2583 933 2668; x_wconf 86' lang='lat' dir='ltr'>suspicatur</span> <span class='ocrx_word' id='word_1_165' title='bbox 954 2583 1235 2660; x_wconf 75' lang='lat' dir='ltr'>Liiucmauuus3</span> 
     </span>
     <span class='ocr_line' id='line_1_21' title="bbox 89 2695 1237 2785; baseline 0.002 -23"><span class='ocrx_word' id='word_1_166' title='bbox 89 2695 173 2765; x_wconf 91' lang='lat' dir='ltr'>huic</span> <span class='ocrx_word' id='word_1_167' title='bbox 197 2697 390 2780; x_wconf 87' lang='lat' dir='ltr'>conjecturae</span> <span class='ocrx_word' id='word_1_168' title='bbox 411 2717 450 2760; x_wconf 89' lang='lat' dir='ltr'>ne</span> <span class='ocrx_word' id='word_1_169' title='bbox 467 2696 571 2781; x_wconf 88' lang='lat' dir='ltr'>ipsum</span> <span class='ocrx_word' id='word_1_170' title='bbox 593 2697 716 2782; x_wconf 87' lang='lat' dir='ltr'>quidem</span> <span class='ocrx_word' id='word_1_171' title='bbox 739 2696 850 2763; x_wconf 89' lang='lat' dir='ltr'>Virum</span> <span class='ocrx_word' id='word_1_172' title='bbox 867 2699 1095 2785; x_wconf 88' lang='lat' dir='ltr'>acutissimum,</span> <span class='ocrx_word' id='word_1_173' title='bbox 1120 2700 1237 2764; x_wconf 89' lang='lat' dir='ltr'>utrius·</span> 
     </span>
     <span class='ocr_line' id='line_1_22' title="bbox 90 2810 1234 2897; baseline 0.001 -19"><span class='ocrx_word' id='word_1_174' title='bbox 90 2833 156 2897; x_wconf 90' lang='lat' dir='ltr'>que</span> <span class='ocrx_word' id='word_1_175' title='bbox 181 2811 243 2876; x_wconf 90' lang='lat' dir='ltr'>loci</span> <span class='ocrx_word' id='word_1_176' title='bbox 266 2831 335 2897; x_wconf 89' lang='lat' dir='ltr'>omn</span> <span class='ocrx_word' id='word_1_177' title='bbox 358 2810 478 2875; x_wconf 72' lang='lat' dir='ltr'>diversa</span> <span class='ocrx_word' id='word_1_178' title='bbox 493 2811 622 2893; x_wconf 88' lang='lat' dir='ltr'>ratione,</span> <span class='ocrx_word' id='word_1_179' title='bbox 639 2816 705 2876; x_wconf 91' lang='lat' dir='ltr'>tum</span> <span class='ocrx_word' id='word_1_180' title='bbox 728 2811 888 2880; x_wconf 86' lang='lat' dir='ltr'>intervallo</span> <span class='ocrx_word' id='word_1_181' title='bbox 911 2815 1081 2879; x_wconf 80' lang='lat' dir='ltr'>accuratius</span> <span class='ocrx_word' id='word_1_182' title='bbox 1097 2815 1234 2879; x_wconf 89' lang='lat' dir='ltr'>conside·</span> 
     </span>
     <span class='ocr_line' id='line_1_23' title="bbox 92 2923 789 3008; baseline -0.003 -16"><span class='ocrx_word' id='word_1_183' title='bbox 92 2932 177 3008; x_wconf 84' lang='lat' dir='ltr'>rato,</span> <span class='ocrx_word' id='word_1_184' title='bbox 205 2925 337 2992; x_wconf 89' lang='lat' dir='ltr'>multum</span> <span class='ocrx_word' id='word_1_185' title='bbox 359 2923 549 2991; x_wconf 87' lang='lat' dir='ltr'>tributurum</span> <span class='ocrx_word' id='word_1_186' title='bbox 571 2946 637 2989; x_wconf 89' lang='lat' dir='ltr'>esse</span> <span class='ocrx_word' id='word_1_187' title='bbox 661 2926 789 2992; x_wconf 88' lang='lat' dir='ltr'>confido.</span> 
     </span>
    </p>
   </div>
   <div class='ocr_carea' id='block_1_5' title="bbox 89 3373 1235 3911">
    <p class='ocr_par' dir='ltr' id='par_1_5' title="bbox 89 3373 1235 3911">
     <span class='ocr_line' id='line_1_24' title="bbox 141 3373 1235 3461; baseline 0.003 -21"><span class='ocrx_word' id='word_1_188' title='bbox 141 3374 202 3451; x_wconf 75' lang='lat' dir='ltr'>Sed</span> <span class='ocrx_word' id='word_1_189' title='bbox 226 3375 252 3439; x_wconf 90' lang='lat' dir='ltr'>si</span> <span class='ocrx_word' id='word_1_190' title='bbox 276 3395 489 3459; x_wconf 90' lang='lat' dir='ltr'>nonuunquam</span> <span class='ocrx_word' id='word_1_191' title='bbox 514 3373 717 3453; x_wconf 75' lang='lat' dir='ltr'>festinantius,</span> <span class='ocrx_word' id='word_1_192' title='bbox 735 3394 824 3458; x_wconf 90' lang='lat' dir='ltr'>quam</span> <span class='ocrx_word' id='word_1_193' title='bbox 848 3377 1018 3441; x_wconf 85' lang='lat' dir='ltr'>accuratius</span> <span class='ocrx_word' id='word_1_194' title='bbox 1032 3375 1235 3461; x_wconf 78' lang='lat' dir='ltr'>Ilpiatolmum</span> 
     </span>
     <span class='ocr_line' id='line_1_25' title="bbox 89 3485 1232 3572; baseline 0.007 -23"><span class='ocrx_word' id='word_1_195' title='bbox 89 3485 132 3551; x_wconf 90' lang='lat' dir='ltr'>in</span> <span class='ocrx_word' id='word_1_196' title='bbox 154 3491 242 3553; x_wconf 86' lang='lat' dir='ltr'>textu</span> <span class='ocrx_word' id='word_1_197' title='bbox 261 3487 426 3572; x_wconf 87' lang='lat' dir='ltr'>judicando</span> <span class='ocrx_word' id='word_1_198' title='bbox 442 3510 477 3553; x_wconf 91' lang='lat' dir='ltr'>ac</span> <span class='ocrx_word' id='word_1_199' title='bbox 496 3489 709 3555; x_wconf 86' lang='lat' dir='ltr'>constituendo</span> <span class='ocrx_word' id='word_1_200' title='bbox 732 3492 868 3553; x_wconf 85' lang='lat' dir='ltr'>versatus</span> <span class='ocrx_word' id='word_1_201' title='bbox 891 3494 936 3554; x_wconf 88' lang='lat' dir='ltr'>est</span> <span class='ocrx_word' id='word_1_202' title='bbox 959 3489 1232 3568; x_wconf 84' lang='lat' dir='ltr'>Liinemaunus‚</span> 
     </span>
     <span class='ocr_line' id='line_1_26' title="bbox 91 3602 1231 3688; baseline 0.004 -22"><span class='ocrx_word' id='word_1_203' title='bbox 91 3620 157 3667; x_wconf 82' lang='lat' dir='ltr'>nec</span> <span class='ocrx_word' id='word_1_204' title='bbox 187 3624 305 3687; x_wconf 89' lang='lat' dir='ltr'>semper</span> <span class='ocrx_word' id='word_1_205' title='bbox 335 3602 372 3667; x_wconf 92' lang='lat' dir='ltr'>ab</span> <span class='ocrx_word' id='word_1_206' title='bbox 402 3603 528 3668; x_wconf 83' lang='lat' dir='ltr'>incertia</span> <span class='ocrx_word' id='word_1_207' title='bbox 558 3604 649 3667; x_wconf 84' lang='lat' dir='ltr'>nimis</span> <span class='ocrx_word' id='word_1_208' title='bbox 680 3623 815 3669; x_wconf 88' lang='lat' dir='ltr'>securam</span> <span class='ocrx_word' id='word_1_209' title='bbox 846 3604 1047 3668; x_wconf 86' lang='lat' dir='ltr'>assensionem</span> <span class='ocrx_word' id='word_1_210' title='bbox 1071 3605 1231 3688; x_wconf 89' lang='lat' dir='ltr'>cohibuit;</span> 
     </span>
     <span class='ocr_line' id='line_1_27' title="bbox 92 3713 1235 3804; baseline 0.009 -25"><span class='ocrx_word' id='word_1_211' title='bbox 92 3713 192 3804; x_wconf 80' lang='lat' dir='ltr'>louge</span> <span class='ocrx_word' id='word_1_212' title='bbox 214 3718 316 3804; x_wconf 87' lang='lat' dir='ltr'>plures</span> <span class='ocrx_word' id='word_1_213' title='bbox 339 3717 390 3782; x_wconf 93' lang='lat' dir='ltr'>alii</span> <span class='ocrx_word' id='word_1_214' title='bbox 413 3723 486 3783; x_wconf 88' lang='lat' dir='ltr'>sunt</span> <span class='ocrx_word' id='word_1_215' title='bbox 509 3718 580 3794; x_wconf 90' lang='lat' dir='ltr'>loci,</span> <span class='ocrx_word' id='word_1_216' title='bbox 606 3716 672 3792; x_wconf 90' lang='lat' dir='ltr'>ubi,</span> <span class='ocrx_word' id='word_1_217' title='bbox 697 3718 729 3782; x_wconf 93' lang='lat' dir='ltr'>in</span> <span class='ocrx_word' id='word_1_218' title='bbox 754 3719 877 3783; x_wconf 84' lang='lat' dir='ltr'>testium</span> <span class='ocrx_word' id='word_1_219' title='bbox 909 3741 942 3782; x_wconf 87' lang='lat' dir='ltr'>ac</span> <span class='ocrx_word' id='word_1_220' title='bbox 967 3718 1151 3787; x_wconf 87' lang='lat' dir='ltr'>Criticornm</span> <span class='ocrx_word' id='word_1_221' title='bbox 1174 3723 1235 3788; x_wconf 82' lang='lat' dir='ltr'>dir·</span> 
     </span>
     <span class='ocr_line' id='line_1_28' title="bbox 99 3830 1232 3911; baseline 0.004 -14"><span class='ocrx_word' id='word_1_222' title='bbox 99 3834 253 3911; x_wconf 70' lang='lat' dir='ltr'>seusionrr,</span> <span class='ocrx_word' id='word_1_223' title='bbox 285 3830 391 3898; x_wconf 72' lang='lat' dir='ltr'>v&#39;erum</span> <span class='ocrx_word' id='word_1_224' title='bbox 423 3839 455 3898; x_wconf 91' lang='lat' dir='ltr'>et</span> <span class='ocrx_word' id='word_1_225' title='bbox 484 3838 571 3898; x_wconf 88' lang='lat' dir='ltr'>acute</span> <span class='ocrx_word' id='word_1_226' title='bbox 602 3832 714 3897; x_wconf 88' lang='lat' dir='ltr'>viderit</span> <span class='ocrx_word' id='word_1_227' title='bbox 735 3854 792 3896; x_wconf 88' lang='lat' dir='ltr'>uec</span> <span class='ocrx_word' id='word_1_228' title='bbox 816 3854 882 3897; x_wconf 91' lang='lat' dir='ltr'>raro</span> <span class='ocrx_word' id='word_1_229' title='bbox 906 3833 1032 3898; x_wconf 88' lang='lat' dir='ltr'>solerter</span> <span class='ocrx_word' id='word_1_230' title='bbox 1058 3838 1156 3901; x_wconf 87' lang='lat' dir='ltr'>tuitus</span> <span class='ocrx_word' id='word_1_231' title='bbox 1180 3839 1232 3902; x_wconf 91' lang='lat' dir='ltr'>sit.</span> 
     </span>
    </p>
   </div>
   <div class='ocr_carea' id='block_1_6' title="bbox 100 3946 1237 4149">
    <p class='ocr_par' dir='ltr' id='par_1_6' title="bbox 100 3946 1237 4149">
     <span class='ocr_line' id='line_1_29' title="bbox 100 3946 1237 4038; baseline 0.006 -26"><span class='ocrx_word' id='word_1_232' title='bbox 100 3946 215 4019; x_wconf 74' lang='lat' dir='ltr'>Quales</span> <span class='ocrx_word' id='word_1_233' title='bbox 238 3954 270 4014; x_wconf 92' lang='lat' dir='ltr'>et</span> <span class='ocrx_word' id='word_1_234' title='bbox 291 3949 366 4014; x_wconf 86' lang='lat' dir='ltr'>alios</span> <span class='ocrx_word' id='word_1_235' title='bbox 388 3970 449 4013; x_wconf 93' lang='lat' dir='ltr'>uon</span> <span class='ocrx_word' id='word_1_236' title='bbox 472 3970 585 4033; x_wconf 91' lang='lat' dir='ltr'>paucos</span> <span class='ocrx_word' id='word_1_237' title='bbox 607 3969 671 4012; x_wconf 88' lang='lat' dir='ltr'>esse</span> <span class='ocrx_word' id='word_1_238' title='bbox 694 3949 846 4027; x_wconf 86' lang='lat' dir='ltr'>existimo,</span> <span class='ocrx_word' id='word_1_239' title='bbox 874 3953 904 4012; x_wconf 89' lang='lat' dir='ltr'>et</span> <span class='ocrx_word' id='word_1_240' title='bbox 927 3948 993 4026; x_wconf 78' lang='lat' dir='ltr'>lios,</span> <span class='ocrx_word' id='word_1_241' title='bbox 1011 3971 1098 4034; x_wconf 82' lang='lat' dir='ltr'>quos,</span> <span class='ocrx_word' id='word_1_242' title='bbox 1125 3959 1160 4017; x_wconf 91' lang='lat' dir='ltr'>ut</span> <span class='ocrx_word' id='word_1_243' title='bbox 1171 3954 1237 4038; x_wconf 86' lang='lat' dir='ltr'>jus·</span> 
     </span>
     <span class='ocr_line' id='line_1_30' title="bbox 104 4054 1235 4149; baseline 0.008 -27"><span class='ocrx_word' id='word_1_244' title='bbox 104 4063 152 4124; x_wconf 86' lang='lat' dir='ltr'>tao</span> <span class='ocrx_word' id='word_1_245' title='bbox 173 4060 349 4127; x_wconf 89' lang='lat' dir='ltr'>tribuantur</span> <span class='ocrx_word' id='word_1_246' title='bbox 370 4061 430 4147; x_wconf 89' lang='lat' dir='ltr'>ipsi</span> <span class='ocrx_word' id='word_1_247' title='bbox 451 4059 568 4142; x_wconf 85' lang='lat' dir='ltr'>laudes,</span> <span class='ocrx_word' id='word_1_248' title='bbox 593 4059 745 4125; x_wconf 89' lang='lat' dir='ltr'>tironibus</span> <span class='ocrx_word' id='word_1_249' title='bbox 767 4081 856 4124; x_wconf 85' lang='lat' dir='ltr'>sanae</span> <span class='ocrx_word' id='word_1_250' title='bbox 872 4062 983 4125; x_wconf 85' lang='lat' dir='ltr'>criseos</span> <span class='ocrx_word' id='word_1_251' title='bbox 999 4054 1133 4149; x_wconf 85' lang='lat' dir='ltr'>exempla</span> <span class='ocrx_word' id='word_1_252' title='bbox 1148 4088 1235 4130; x_wconf 92' lang='lat' dir='ltr'>mon·</span> 
     </span>
    </p>
   </div>
   <div class='ocr_carea' id='block_1_7' title="bbox 120 4225 241 4241">
    <p class='ocr_par' dir='ltr' id='par_1_7' title="bbox 120 4225 241 4241">
     <span class='ocr_line' id='line_1_31' title="bbox 120 4225 241 4241; baseline 0.008 -1"><span class='ocrx_word' id='word_1_253' title='bbox 120 4225 241 4241; x_wconf 53' lang='grc' dir='ltr'>...ιιι-.-</span> 
     </span>
    </p>
   </div>
   <div class='ocr_carea' id='block_1_8' title="bbox 120 4324 1235 4474">
    <p class='ocr_par' dir='ltr' id='par_1_8' title="bbox 120 4324 1235 4474">
     <span class='ocr_line' id='line_1_32' title="bbox 144 4324 1235 4392; baseline 0.003 -18"><span class='ocrx_word' id='word_1_254' title='bbox 144 4324 174 4388; x_wconf 82' lang='grc' dir='ltr'>(ι)</span> <span class='ocrx_word' id='word_1_255' title='bbox 191 4325 298 4378; x_wconf 71' lang='lat' dir='ltr'>Granum.</span> <span class='ocrx_word' id='word_1_256' title='bbox 318 4344 343 4392; x_wconf 92' lang='lat' dir='ltr'>p.</span> <span class='ocrx_word' id='word_1_257' title='bbox 363 4333 421 4378; x_wconf 78' lang='lat' dir='ltr'>ael.</span> <span class='ocrx_word' id='word_1_258' title='bbox 438 4354 469 4363; x_wconf 96' lang='lat'><strong>—</strong></span> <span class='ocrx_word' id='word_1_259' title='bbox 484 4327 526 4378; x_wconf 85' lang='lat' dir='ltr'>Ad</span> <span class='ocrx_word' id='word_1_260' title='bbox 543 4328 610 4377; x_wconf 90' lang='lat' dir='ltr'>hunc</span> <span class='ocrx_word' id='word_1_261' title='bbox 627 4327 702 4377; x_wconf 87' lang='lat' dir='ltr'>ctiam</span> <span class='ocrx_word' id='word_1_262' title='bbox 717 4326 801 4376; x_wconf 90' lang='lat' dir='ltr'>locam</span> <span class='ocrx_word' id='word_1_263' title='bbox 818 4326 975 4378; x_wconf 89' lang='lat' dir='ltr'>Kochium</span> <span class='ocrx_word' id='word_1_264' title='bbox 993 4328 1125 4377; x_wconf 83' lang='lat' dir='ltr'>consulere</span> <span class='ocrx_word' id='word_1_265' title='bbox 1142 4340 1235 4390; x_wconf 82' lang='lat' dir='ltr'>operae</span> 
     </span>
     <span class='ocr_line' id='line_1_33' title="bbox 120 4418 852 4474; baseline 0.011 -11"><span class='ocrx_word' id='word_1_266' title='bbox 120 4418 212 4474; x_wconf 80' lang='lat' dir='ltr'>pretium</span> <span class='ocrx_word' id='word_1_267' title='bbox 234 4431 282 4471; x_wconf 88' lang='lat' dir='ltr'>est.</span> <span class='ocrx_word' id='word_1_268' title='bbox 850 4421 852 4426; x_wconf 75' lang='grc'>’</span> 
     </span>
    </p>
   </div>
   <div class='ocr_carea' id='block_1_9' title="bbox 1090 4519 1108 4578">
    <p class='ocr_par' dir='ltr' id='par_1_9' title="bbox 1090 4519 1108 4578">
     <span class='ocr_line' id='line_1_34' title="bbox 1090 4519 1108 4578; baseline 0 0"><span class='ocrx_word' id='word_1_269' title='bbox 1090 4519 1108 4578; x_wconf 88' lang='grc'><strong>5</strong></span> 
     </span>
    </p>
   </div>
   <div class='ocr_carea' id='block_1_10' title="bbox 0 0 1396 4958">
    <p class='ocr_par' dir='ltr' id='par_1_10' title="bbox 0 0 1396 4958">
     <span class='ocr_line' id='line_1_35' title="bbox 0 0 1396 4958; baseline 0 0"><span class='ocrx_word' id='word_1_270' title='bbox 0 0 1396 4958; x_wconf 95' lang='lat' dir='ltr'> </span> 
     </span>
    </p>
   </div>
  </div>
 </body>
</html>
