2782 4958
125 335 167 396 66
609 349 767 394 urnroauu

4 515 6 519 ’
126 523 271 600 strentur,
296 517 471 605 singulatim
501 517 554 583 sed
577 535 667 602 quam
697 516 873 582 brevissime
896 517 1077 584 memorabo.
1111 554 1154 568 ·-
1177 518 1259 586 Hine

125 634 282 719 igiturut
302 632 420 711 ordiar,
446 634 464 696 1
492 631 594 701 These.
621 632 649 696 Ι.
669 632 703 710 9,
723 632 886 718 legendum
914 655 980 701 esse
1001 638 1151 723 ἔσχομεν,
1186 656 1257 716 uon,

126 745 206 832 quod
234 745 372 812 nonnulli
402 743 547 833 praebent
568 751 680 824 testes,
713 750 847 836 ἔχομεν,
876 748 965 813 docte
996 738 1194 817 demonstret.
1219 784 1261 801 -·-

128 865 146 930 1
173 861 276 928 lbere.
301 861 349 931 11.
375 865 409 939 7,
434 867 522 926 senta
543 862 609 945 ejus
632 861 850 926 animadversio
873 869 938 942 est,
963 883 1060 947 quae,
1086 865 1192 949 plures
1213 864 1262 928 ad·

126 994 231 1042 versus
252 975 382 1042 Codieee
404 996 439 1039 ae
461 974 767 1054 Laebmaunum,
792 985 905 1060 νήπιοι
929 977 1084 1063 legenter,
1107 983 1260 1063 receptam

125 1095 230 1156 tuetur
251 1099 357 1176 ἤπιοι.
379 1107 427 1139 ·--
450 1089 529 1154 Item
551 1089 708 1156 annotatio
731 1089 889 1166 laudanda,
915 1110 1003 1175 quae,
1033 1091 1176 1157 libere.
1195 1091 1261 1155 III.

127 1210 160 1281 3,
186 1204 310 1270 lectioni
333 1212 382 1283 τό,
408 1225 462 1288 pro
481 1206 603 1288 receptt
623 1211 680 1292 τῷ,
702 1203 773 1288 jure
794 1206 1012 1289 patrocinatur.
1040 1242 1082 1254 -
1111 1209 1130 1269 l
1157 1204 1263 1269 trau.

2 1407 5 1412 .
127 1320 168 1384 V.
191 1324 224 1396 4,
251 1322 332 1384 reete
355 1319 490 1384 defendit
510 1324 554 1398 ὥς
575 1321 729 1407 κλέπτης,
757 1339 813 1383 οοο
828 1340 911 1399 vero,
938 1319 1104 1384 seeundum
1127 1322 1159 1385 A
1174 1325 1207 1384 et
1221 1319 1260 1398 B,

129 1434 374 1500 Lachmanni
397 1433 533 1519 exemplo
549 1433 709 1499 substituit
723 1455 821 1499 orcus.
832 1435 917 1520 plur.
933 1440 977 1511 ὥς
991 1435 1149 1513 κλέπτας,
1169 1433 1262 1519 qnod,

130 1550 267 1635 quamvis
295 1570 312 1613 ο
334 1547 638 1617 'Pisehendorfio
667 1570 703 1615 ae
732 1549 888 1615 Koobio
912 1555 1151 1634 propugnatum,
1177 1550 1265 1632 inep-

76 1715 79 1720 ,
131 1670 204 1728 tum·
220 1667 266 1726 est
289 1667 378 1748 atque
400 1663 538 1748 Apostoli
561 1664 740 1728 sententiam
763 1665 919 1749 pervertit.
937 1699 978 1715 -
996 1664 1117 1728 Eodem
1142 1661 1264 1748 Capite,

135 1784 152 1844 l
180 1779 284 1844 ibera.
308 1777 352 1841 V.
379 1779 430 1855 61,
457 1799 512 1862 pro
534 1776 658 1864 vulgato
679 1785 804 1853 πάντα,
836 1777 1003 1842 multorum
1031 1777 1131 1840 Oodd.
1165 1782 1266 1841 aneto·

132 1897 223 1962 ritate
245 1892 437 1960 scribendum
459 1915 524 1958 esse
547 1903 658 1963 πάντα
685 1895 721 1962 δέ
744 1893 872 1959 solerter
894 1893 1029 1958 donetur.
1047 1928 1092 1943 -
1116 1895 1137 1955 2
1161 1892 1262 1958 ibere.

133 2011 163 2077 Ι,
191 2015 223 2086 8,
249 2009 392 2095 vulgatur
414 2012 450 2076 ἐν
479 2015 559 2096 πυρὶ
580 2009 717 2091 φλογός,
741 2004 824 2092 quod
846 2008 878 2071 iu
902 2007 1033 2073 almam
1053 2004 1100 2070 N.
1124 2005 1165 2070 Τ.
1203 2005 1266 2068 edi·

132 2127 248 2191 tionem
271 2101 424 2210 receperat
444 2122 797 2189 'Pisehendorfiua
828 2124 874 2188 'A
903 2142 964 2207 quo
994 2142 1067 2186 vero
1098 2121 1211 2184 erroris
1233 2118 1266 2182 in

134 2241 311 2307 societatem
333 2257 394 2303 uon
416 2241 597 2323 pertraotus,
623 2236 900 2301 Litnemaunus
922 2233 1052 2298 testibus
1074 2254 1189 2299 morem
1212 2255 1265 2320 ge-

133 2354 187 2432 rit,
204 2356 352 2419 veriorem
368 2350 581 2438 praebentibus
596 2351 757 2415 lectionem
773 2354 807 2418 to
829 2351 926 2434 φλογὶ
943 2354 1052 2435 πυρός.
1064 2334 1109 2396 -’-
1127 2347 1264 2430 tibear.

133 2467 199 2534 III.
219 2473 253 2544 6,
281 2468 373 2531 tertio
399 2464 437 2529 eb
459 2469 588 2547 exeunte
611 2466 743 2529 sectione
765 2464 844 2539 loeo,
878 2464 968 2529 urata
985 2484 1073 2547 pere.
1096 2466 1176 2548 einp.
1201 2461 1266 2527 vul·

134 2589 224 2670 gutur
246 2583 424 2670 παρέλαβε.
468 2577 533 2645 (lui
555 2598 628 2644 vero
650 2578 787 2659 lectioni,
814 2597 890 2662 quae
912 2577 965 2640 vix
985 2581 1040 2644 ¹aut
1061 2596 1100 2639 ue
1122 2576 1176 2643 vix
1196 2577 1267 2661 qui·

134 2689 203 2762 dem
225 2696 283 2760 hdo
306 2717 337 2760 se
359 2695 440 2759 tueri
462 2697 563 2779 potest
584 2693 710 2758 testium
733 2692 781 2760 vel
802 2691 955 2777 paucitate
978 2692 1025 2756 rel
1047 2691 1191 2774 levitate,
1215 2691 1267 2757 alii

135 2812 215 2877 aliud
240 2809 458 2882 turbabituuut.⁴
488 2804 571 2884 liam,
598 2828 670 2871 sano
691 2809 826 2892 profecto
843 2826 877 2871 ao
891 2807 1033 2891 prudenti
1045 2807 1175 2891 judicio,
1197 2806 1268 2873 Le·

134 2945 345 3015 nemannue
368 2928 490 2988 tertiam
512 2923 641 3006 praefert
661 2943 828 3008 personam
846 2922 1015 3006 pluralem,
1036 2927 1069 2985 et
1089 2922 1216 2987 testium
1234 2922 1269 2984 in

135 3041 194 3103 fide
217 3044 249 3103 et
271 3038 383 3122 majore
406 3039 461 3100 sub
483 3036 516 3100 in
539 3018 714 3100 diffioultate
744 3037 926 3120 praesidium
956 3033 1129 3100 habentem.
1179 3036 1265 3109 Quae

134 3154 199 3237 ipsa
221 3172 292 3215 vero
315 3151 406 3214 tertia
428 3170 553 3234 persona
575 3154 678 3214 utrum
702 3150 865 3214 ordiner-ici
895 3151 992 3213 sormd
1019 3149 1206 3214 enuntianda
1228 3151 1269 3214 eit

133 3267 337 3354 παρέλαβον,
364 3286 401 3327 an
424 3265 526 3348 potius
547 3263 779 3338 Alexandrino,
797 3283 873 3347 quae
889 3268 992 3327 nostro
1008 3264 1121 3327 arridet
1135 3264 1265 3343 Critiae,

135 3381 378 3468 παρελάβοσαν,
404 3378 436 3441 in
459 3383 598 3442 neutram
620 3373 735 3462 partem
758 3382 842 3440 nerto
863 3371 995 3469 statuere
1017 3379 1112 3442 ausim
1134 3377 1265 3462 judicio.

136 3474 319 3559 Winerus
341 3494 391 3577 (l)
413 3493 534 3578 quidem
558 3490 705 3575 ejusmodi
729 3492 839 3554 formas
862 3491 895 3553 in
918 3516 1010 3568 οσαο,
1041 3512 1115 3576 quaa
1137 3490 1269 3557 subinde

136 3607 207 3673 boni
229 3608 273 3674 N.
300 3610 336 3672 Τ.
364 3607 510 3692 praebent
531 3606 670 3682 Oodioes,
697 3604 734 3669 ab
758 3604 972 3671 Alexandrinis
998 3606 1061 3672 tere
1091 3607 1269 3692 repetendas

135 3727 223 3807 putat
252 3722 394 3788 librariis.
438 3721 536 3805 Cujus
562 3718 713 3803 judicium
744 3721 840 3806 magia
870 3721 944 3786 mihi
966 3721 1083 3806 plaeere
1109 3721 1266 3806 profiteor,

135 3854 225 3920 quam
248 3836 414 3900 recentium
439 3834 652 3899 nonnullorum
675 3835 862 3900 criticorum
883 3835 966 3916 talia,
992 3837 1101 3921 quevis
1124 3835 1196 3901 aare
1218 3857 1270 3922 op

69 4015 72 4020 ,
135 3949 332 4033 portunitate,
353 3949 443 4013 Novo
461 3949 655 4014 Testamento
669 3947 851 4012 obtrudendi
867 3950 1015 4014 fervidius
1030 3949 1175 4013 studium.
1207 3949 1268 4013 Sed

135 4063 168 4124 in
192 4061 264 4124 elios
287 4062 400 4145 potius,
419 4080 506 4144 quam
523 4062 557 4124 in
579 4061 880 4136 Liinemannum,
906 4060 980 4131 haee
1000 4062 1145 4126 convenit
1167 4080 1270 4146 repre·

135 4167 252 4240 hensio.
272 4212 316 4224 -
331 4175 451 4240 Eodem
478 4175 598 4263 Cupite,
626 4182 656 4240 2Ἰ
675 4178 776 4243 There.
799 4178 862 4241 ΠΙ.
884 4182 939 4258 16,
968 4200 1021 4262 pro
1047 4185 1166 4264 τρόπῳ,
1186 4178 1269 4261 quod

128 4323 260 4334 -n-u—

164 4415 202 4478 (1)
221 4414 304 4466 Laud.
326 4411 432 4465 Gramm.
452 4430 476 4479 p.
496 4419 635 4478 strupra.
