2782 4958
543 359 586 402 nn
609 344 787 402 annrronns.
1216 342 1237 404 3

107 518 244 623 rumque
277 523 457 623 requietem
488 519 691 620 gratulemur
718 531 865 620 oportet3
890 520 949 595 sed
974 521 1101 621 quibus·
1117 522 1232 598 iisdem

107 642 285 723 breviorem
306 645 461 744 obtigisse
489 645 629 743 hujusce
647 645 735 718 vitae
757 669 908 733 usumm,
933 656 967 718 et
992 645 1094 718 nostri
1114 654 1232 721 eaussd

106 770 265 861 dolemus,
288 784 321 844 et
337 795 416 844 vero
435 768 617 857 Ecclesiae,
639 771 699 842 eui
718 767 816 866 longe
832 767 955 840 diutius
979 793 1093 841 eorum
1119 771 1232 868 prolu·

103 907 205 970 turam
226 919 299 968 esse
320 916 468 992 operam,
488 891 584 965 nimis
605 898 689 965 vana
706 887 800 965 nobis
820 917 880 992 spe
902 890 1108 981 blandiente,
1126 918 1231 991 nugu-

103 1018 159 1091 rati
172 1042 314 1092 eramus.
343 1015 458 1091 'Atto
476 1013 526 1086 τά
546 1039 617 1109 μεν
636 1015 890 1113 προτετύχθαι
912 1015 1089 1109 ἐάσομεν,
1106 1014 1231 1111 ἀχνύ-

101 1146 213 1235 μενοί
240 1167 312 1238 περ.
369 1140 605 1214 Defunctorum
633 1155 699 1211 non
731 1136 822 1212 obliti
852 1136 1018 1212 Sodalium
1047 1163 1230 1237 eorumque

102 1265 213 1338 imitati
239 1265 399 1350 virtutes,
420 1262 479 1335 Dei
501 1260 677 1335 reconditis
701 1262 734 1334 in
756 1259 886 1359 iudiciis
908 1273 1008 1359 atque
1032 1261 1229 1360 imperscru-

100 1388 207 1478 tabili,
229 1410 315 1487 quae
338 1384 522 1459 mortalium
545 1397 649 1459 sortes
670 1383 877 1474 moderatur,
903 1383 1061 1483 sapientit
1080 1383 1229 1458 modeste

101 1511 220 1612 pieque
240 1509 496 1609 acquiescamus.

145 1744 360 1827 pristinorum
379 1765 488 1826 autem
512 1753 710 1826 Auditorum
731 1756 758 1826 si
783 1765 908 1852 gratam
935 1753 1014 1825 mihi
1039 1764 1229 1852 essentque

98 1886 266 1974 receptam
290 1877 419 1948 affirmo
444 1872 717 1964 recordationem
740 1898 836 1949 nemo
856 1878 1010 1951 Vestrum
1040 1876 1073 1948 in
1099 1900 1171 1949 eam
1196 1874 1232 1949 id

97 1998 366 2098 interpretabitur
390 1998 601 2087 sententiam,
628 2022 667 2071 ac
689 1998 716 2071 si
738 2022 853 2073 eorum
883 2023 935 2071 me
960 1998 1143 2096 poeniteat,
1171 2000 1229 2098 qui

97 2144 173 2195 cum
197 2120 340 2194 maxime
362 2120 546 2195 studiorum
571 2122 624 2195 nel
654 2120 772 2194 comite
797 2120 850 2194 vel
876 2120 962 2194 duce
991 2144 1044 2193 me
1073 2131 1230 2209 utuntur,

97 2244 372 2318 Commilitonum.
424 2242 523 2330 Quod
548 2243 632 2316 absit
657 2243 822 2342 prolecto!
868 2244 948 2315 Tam
971 2242 1120 2318 felicibus
1143 2243 1229 2318 enim

96 2366 238 2466 Collegis
264 2366 362 2456 meis,
381 2367 467 2441 Viris
480 2366 694 2465 gravissimis,
718 2365 865 2465 mihique
889 2390 960 2439 esse
985 2367 1161 2465 contingit,
1191 2381 1229 2441 ut

96 2496 124 2564 si
148 2488 337 2591 quotannis,
362 2490 522 2564 absolutis
543 2490 740 2564 Academiae
760 2489 895 2576 studiis,
918 2489 1087 2563 auditoriis
1108 2490 1228 2563 nostris

97 2612 151 2686 alii
169 2612 375 2701 valedicunt,
394 2612 447 2686 alii
467 2612 643 2687 identidem
666 2637 780 2688 eorum
802 2613 892 2686 locos
914 2627 1079 2712 occupent
1096 2638 1135 2686 ae
1150 2613 1229 2687 suia

96 2736 199 2824 sellia,
221 2760 283 2810 nec
300 2735 498 2834 Theolcgiae
518 2762 629 2811 amere
644 2736 708 2810 illis
723 2735 891 2810 inferiores
911 2761 973 2809 nee
993 2758 1227 2835 progressuum

96 2854 259 2933 felicitate.
310 2854 417 2945 Quam
431 2857 547 2958 ··ipsnm
570 2857 700 2934 laudem
713 2862 747 2931 in
760 2859 935 2958 plerosque
960 2861 1148 2948 convenire,
1165 2855 1229 2958 'qni

96 2982 220 3068 hocce,
246 3006 314 3081 que
338 2980 528 3072 scribi—mus,
559 2995 706 3082 tempore
729 2983 849 3057 nostris
870 2981 1019 3056 habitant
1041 2982 1074 3056 in
1092 2979 1229 3056 audito-

95 3104 154 3177 riis
176 3104 298 3205 (neque
322 3107 407 3178 enim
431 3105 573 3178 debitunt
593 3107 703 3207 pauci)
731 3133 882 3182 morosus
903 3108 964 3180 sim
987 3107 1058 3196 nisi,
1085 3121 1178 3206 grato
1195 3100 1234 3181 in

93 3229 204 3301 Deum
226 3227 344 3318 animo,
366 3252 528 3327 propenso
550 3230 586 3302 in
603 3229 737 3304 Sodales
754 3229 863 3316 sensu,
879 3230 1035 3328 profitear
1054 3243 1155 3330 atque
1171 3236 1231 3303 ase'

94 3373 253 3423 severem.
306 3351 374 3423 Vos
393 3350 510 3448 igitur,
532 3353 792 3426 commilitones!
820 3375 896 3424 cum
914 3352 1015 3442 cives,
1040 3365 1109 3427 tum
1135 3365 1230 3425 exte·

94 3496 168 3561 rus,
194 3471 269 3545 sive
284 3487 361 3546 ante
380 3471 441 3548 hes
461 3474 577 3572 plures
593 3470 804 3575 paucioresve
821 3470 941 3560 annos,
964 3487 997 3546 et
1019 3474 1081 3547 mei
1099 3487 1229 3547 atvero

95 3589 304 3700 collegarum
334 3608 505 3684 meorum,
528 3620 580 3672 me
614 3593 710 3696 longe
724 3630 727 3635 ·
742 3596 1031 3696 praestantiorum,
1061 3593 1231 3669 auditores

94 3717 216 3805 fuistis,
239 3712 309 3792 sire
329 3714 551 3809 adhucestis;
576 3723 657 3808 Vos,
682 3722 834 3821 inquam,
849 3727 895 3795 ed
919 3718 1118 3818 complector
1141 3719 1231 3792 amia

95 3838 187 3933 citit,
207 3863 295 3940 quae
311 3838 466 3916 Vestrum
487 3851 684 3945 cujusquam
701 3870 837 3934 nomen,
859 3844 939 3936 dum
953 3842 1070 3934 vivam,
1096 3849 1169 3918 met
1187 3838 1229 3918 eri

93 3962 253 4037 memoria
265 3960 366 4064 plane
382 3966 560 4042 oblitterari
572 3992 638 4042 non
656 3967 751 4043 facile
771 3967 969 4069 permissura
982 3993 1055 4049 esse
1066 3967 1230 4042 videatur.-

98 4244 101 4249 ·
127 4201 403 4297 'Quaesumus
426 4215 506 4305 sint,
529 4215 684 4290 Vestrum
706 4227 795 4288 certe
816 4236 913 4289 nemo
937 4205 1122 4305 mirobitur,
1144 4221 1230 4289 cori·¹

95 4324 191 4424 lide,
206 4333 346 4431 hujusce
367 4358 446 4437 erga
473 4340 698 4426 lossensis,
723 4329 904 4437 antequam
921 4364 961 4413 en
987 4337 1049 4412 hac
1071 4338 1138 4411 titt
1159 4334 1228 4411 nti-³

97 4475 176 4555 gro,
203 4452 525 4574 publicum-aliquod
542 4462 594 4541 vel
613 4461 832 4538 testimonium
848 4461 947 4536 edere
968 4461 1022 4536 vel·
1038 4449 1228 4536 monumertss

1040 4591 1059 4653 1
1067 4585 1088 4628 'ld
