2828 4950
154 329 220 390 134
543 346 582 388 nn
606 346 706 389 nurse
730 344 895 389 nuruucrrs

156 514 302 578 concione
332 512 496 576 orationem
527 511 771 586 valedictoriam‚
800 510 875 574 rude
905 533 936 574 ee
968 511 1072 575 donari
1102 534 1206 596 passus
1242 521 1291 579 est

154 629 264 693 Senex.
313 626 382 691 Nec
404 626 458 690 diu
480 631 594 711 postea,
628 625 657 688 d.
683 628 724 689 21
752 625 828 709 Maji
854 626 952 704 1850,
978 627 1113 709 quinque
1131 631 1163 691 et
1184 633 1289 693 octua-

154 742 241 827 ginta
273 762 367 804 aunos
396 745 504 815 natus,
538 739 657 822 Lipsiae
689 740 768 803 diem
803 739 891 804 obiit.
949 741 1153 805 Parentalium
1186 743 1289 807 officio

153 855 218 920 bini
241 857 411 919 satisfacere
442 854 541 917 conati
573 858 644 917 sunt
673 853 780 932 libelli;
814 855 893 921 alter
920 857 1085 939 Anonymi,
1120 857 1173 941 qui
1201 859 1288 923 Am·
1336 911 1339 915 .

153 972 258 1034 moni
287 971 390 1047 vitain,
417 967 581 1031 sententies
602 968 751 1051 factaque,
784 970 862 1033 alter
885 970 918 1034 J.
945 969 1127 1049 Pabstii‚
1155 973 1210 1056 qui
1242 974 1289 1057 ip-

151 1087 215 1149 sius
256 1085 346 1148 etiam
378 1083 581 1147 characterem
617 1103 682 1144 sese
716 1085 921 1166 expositurum
959 1084 1128 1167 profitetur.
1188 1087 1287 1150 Ilium

151 1197 359 1283 praedicandis
381 1202 471 1280 utque
494 1195 728 1281 amplificandis,
750 1198 829 1262 banc
843 1198 1040 1262 extenucndie
1056 1220 1091 1262 ac
1113 1202 1288 1265 minuendis

151 1312 222 1376 Viri
246 1311 337 1376 rebus
360 1311 535 1394 meritisque
563 1311 685 1374 modum
716 1311 878 1386 excedere,
904 1312 1055 1396 plerique,
1085 1335 1133 1377 me
1160 1335 1288 1378 consen·

150 1427 262 1502 tiente‚
293 1424 518 1489 existimabunt.
563 1425 724 1489 Caeterum
757 1447 826 1489 cum
858 1432 985 1510 uterque
1008 1425 1141 1492 breviter
1166 1433 1286 1494 tanturn

151 1561 186 1603 ac
209 1539 331 1604 rudiore
354 1538 494 1624 penicillo
516 1544 672 1603 externam
695 1539 761 1622 ejus
783 1541 875 1602 uitam
893 1539 1097 1617 delineaverit,
1120 1542 1284 1626 optandum

92 1724 95 1729 ,
150 1658 197 1718 est
218 1658 254 1716 ut
276 1654 393 1737 plenius
415 1675 450 1716 ea
473 1653 633 1736 aliquando
656 1673 691 1715 ac
715 1654 878 1741 copiosius,
896 1654 988 1738 idque
1010 1655 1075 1718 sine
1097 1656 1145 1719 iri
1168 1662 1199 1720 et
1221 1662 1284 1722 stu·

149 1769 212 1847 dio,
238 1766 435 1832 describatur.
481 1767 528 1830 Ex
559 1767 728 1851 cujusmodi
751 1769 933 1846 narratione,
968 1769 994 1830 si
1024 1789 1100 1853 quae
1124 1770 1280 1853 prodatur,

149 1883 252 1948 nescio
282 1889 384 1948 utrum
419 1880 574 1945 uberiores
608 1883 727 1946 fructus
758 1881 961 1968 Psyehologia
996 1886 1118 1966 captura
1151 1885 1211 1962 sit,
1245 1907 1282 1949 an

150 2000 246 2062 nostri
269 1997 414 2080 temporis
438 1992 575 2059 Historia
599 1996 745 2060 littoraria
768 1998 829 2080 (l).

190 2444 249 2508 Sed
272 2443 331 2507 alio
353 2449 487 2527 tempore
511 2443 536 2504 si
561 2441 637 2504 alius
661 2441 732 2520 fuit,
759 2447 848 2524 atque
871 2441 931 2506 huc
962 2449 992 2506 et
1015 2442 1088 2506 illuc
1115 2445 1281 2509 incertiore

146 2578 232 2640 saepe
255 2557 330 2641 pede
358 2557 477 2638 nutavit
508 2557 732 2630 Ammonus;
765 2575 826 2616 non
849 2556 892 2617 ita
914 2556 1048 2639 profecto
1071 2556 1115 2620 H.
1143 2556 1182 2620 n.
1209 2559 1277 2622 Tu.

146 2668 217 2750 (G.)
242 2689 367 2744 rannus,
392 2667 632 2753 Leonbergensis
658 2667 904 2754 Virtobergieus3
938 2691 1028 2752 quem
1058 2692 1141 2745 vero,
1175 2672 1280 2739 eodem

148 2781 210 2845 fere
231 2781 312 2865 jure,
338 2781 374 2846 ab
398 2781 485 2858 urbe,
511 2780 564 2846 ubi
588 2768 699 2845 multus
721 2805 774 2867 per
804 2805 896 2847 annos
918 2784 1100 2870 Theologiee
1123 2785 1279 2853 Professor

144 2895 204 2958 fuit
234 2917 267 2958 ac
295 2895 476 2959 Badensium
508 2895 643 2979 Principi
680 2920 698 2958 a
725 2900 845 2961 secretis
879 2897 1022 2964 Consiliis
1051 2899 1275 2980 ecclesiasticis,

157 3088 287 3096 w

176 3208 214 3269 (1)
233 3206 305 3268 Quae
324 3209 365 3257 hic
381 3210 491 3258 diximus
507 3210 656 3259 confirmat-a
674 3211 770 3262 videbis
787 3228 803 3261 a
820 3213 894 3261 docto
912 3206 1033 3272 Consors,
1051 3213 1091 3260 iu:
1114 3209 1193 3261 Theoi.
1211 3213 1277 3264 Lite·

143 3298 303 3349 ratardlattz.
322 3298 356 3349 A.
373 3299 409 3348 Κ.
426 3299 460 3350 Ζ.
480 3306 553 3360 1851,
572 3299 618 3349 Νθ.
634 3305 673 3351 73.
708 3303 758 3354 Ubi
774 3311 859 3354 tamen
879 3304 973 3354 nollem
991 3303 1181 3356 Animorum
1197 3303 1275 3355 Ureu-

142 3391 217 3458 lopam
234 3395 297 3444 cnm'
311 3393 517 3443 Humboldtio
534 3393 705 3458 Philosophiae
725 3393 856 3445 Namralis
873 3397 986 3460 principe
997 3399 1175 3458 comparasset
1199 3396 1275 3458 Quod

142 3487 268 3551 reliquum
285 3496 332 3546 est,
351 3502 414 3552 quos
432 3489 584 3545 memoravi,
601 3487 680 3538 libelli
697 3489 734 3538 sio
750 3490 936 3538 inscribuntur:
955 3488 985 3538 O.
1005 3486 1036 3536 F.
1053 3502 1077 3538 v.
1095 3490 1209 3539 A-aacb
1225 3489 1276 3540 Le·

142 3581 193 3636 den.
212 3579 342 3630 Ansicltea
357 3599 381 3630 a.
408 3577 514 3630 Wirlcca.
552 3579 606 3630 Eia
619 3579 740 3630 Licbtbiid
760 3597 806 3630 aas
820 3580 863 3629 der
881 3597 916 3631 ev.
930 3581 1032 3642 Kircbe,
1050 3581 1121 3646 Lipr.
1146 3588 1222 3634 1850.
1241 3590 1274 3633 3⁸

141 3687 183 3737 pp.
201 3677 219 3723 f.
239 3680 254 3724 8
270 3675 345 3737 maj.;
365 3699 397 3711 -
415 3671 460 3722 Dr.
477 3674 505 3725 J.
519 3670 625 3735 Fabri,
645 3673 753 3724 Ledeue-
765 3692 788 3724 a.
803 3673 1035 3725 Oboracterumrisse
1053 3690 1095 3726 voa
1114 3675 1143 3726 Ο.
1157 3677 1224 3727 Er.
1237 3679 1273 3728 A.

141 3765 194 3816 Eia
222 3765 290 3819 Wort
307 3764 350 3816 der
371 3766 524 3832 Versdlaanq
550 3768 580 3817 im
596 3765 704 3831 Kampsa
728 3767 772 3818 der
788 3768 913 3828 Parteiecn
935 3769 1026 3819 Dresd.
1048 3777 1073 3820 et
1096 3770 1172 3825 alibi,
1201 3776 1274 3829 rasi,

140 3861 228 3909 eidem
245 3860 262 3908 f.
281 3883 313 3896 ·-
330 3857 416 3911 Peuce
433 3861 508 3910 etism
526 3862 557 3910 de
574 3860 609 3909 A.
630 3863 696 3910 vidd.
714 3863 741 3910 in
759 3860 853 3910 Kuast-
867 3875 895 3909 en
911 3860 1055 3924 maerore,
1076 3866 1148 3912 1850.
1167 3861 1213 3912 N0.
1230 3870 1273 3916 ³8.

172 4136 200 4187 Si
217 4140 260 4202 qui
276 4138 342 4188 forte
365 4139 506 4202 elegantius
524 4153 554 4188 uc
570 4140 739 4196 luculentias,
762 4155 839 4203 quem
857 4141 939 4189 adhue
957 4141 1050 4188 factum
1068 4147 1114 4196 est,
1136 4143 1169 4190 de
1196 4140 1272 4192 Am·

137 4243 227 4280 mono
244 4232 362 4292 scribere,
379 4238 424 4283 aut
440 4238 507 4283 certe
524 4233 667 4283 accuratius
686 4248 744 4283 eum
764 4246 918 4296 cognoscere
934 4232 1027 4287 velintr
1046 4233 1093 4282 hos
1110 4233 1196 4297 plures
1207 4244 1271 4285 cou-

136 4323 244 4373 suluisse
269 4339 321 4374 non
338 4325 489 4387 poenitebit,
517 4327 549 4376 ab
572 4325 628 4389 ipsc
654 4328 685 4375 ad
704 4326 1014 4376 Bretschneiderum
1031 4326 1117 4388 datas,
1134 4326 1270 4390 epistolas,

137 4432 199 4481 quas
218 4432 294 4482 supra
312 4424 464 4468 memoratae
483 4419 559 4483 hujus
581 4419 648 4469 Vitae
665 4419 745 4469 Filius
763 4420 916 4482 adjiciendas
932 4422 1041 4470 curauit.
