2782 4958
224 355 287 417 130
709 373 863 419 nrorouuu

224 563 311 625 quom
336 540 562 619 Fabricius,
587 542 773 607 Birclrius
797 564 829 607 ac
854 541 1101 609 Suckowius.
1152 541 1258 608 Plures
1280 546 1344 608 enim

225 654 385 730 omittunt,
411 676 500 738 quam
523 654 701 733 admittunt,
724 659 826 719 testes.
874 657 971 721 Possit
990 663 1091 723 autem
1116 659 1187 741 quis
1210 659 1253 723 ito
1274 658 1343 722 'lli-

225 767 332 832 lonis
354 768 512 833 defendere
533 766 704 844 lectionem,
722 774 759 832 ut
780 768 910 834 multum
932 792 997 834 eom
1015 770 1157 857 praesidii
1177 764 1284 836 habere
1296 795 1342 837 mo

224 888 295 947 neat
317 883 435 948 Codicis
455 882 539 947 illius
560 884 593 946 in
617 883 811 965 auctoritate,
835 885 888 967 qui
911 906 967 950 nec
994 885 1176 969 antiquitate
1200 907 1258 951 neo
1276 909 1341 972 pne

225 998 336 1062 stuntit
366 998 406 1061 sit
444 997 553 1062 Veneto
583 997 743 1062 Marciano
775 998 1008 1084 postponendus.
1056 1001 1157 1077 Quum
1189 1001 1340 1085 praesertin

224 1113 363 1177 Auctoris
384 1132 418 1176 es
437 1109 563 1175 consilio
580 1111 669 1197 plone
683 1114 873 1194 conveniret,
896 1116 957 1196 qut
979 1115 1112 1180 maxime
1134 1121 1239 1200 posset
1256 1119 1340 1200 oport,

225 1227 376 1293 Joactimi
405 1227 546 1312 pietatem
569 1224 782 1311 amplificandi.
832 1227 955 1293 Accedit
976 1229 1058 1312 quod
1070 1277 1079 1312 ,
1105 1231 1204 1315 ipsius
1234 1230 1342 1295 Editoris

224 1343 421 1408 recentissimi
444 1342 481 1406 de
504 1341 639 1416 monito,
665 1339 713 1404 his
735 1343 768 1405 in
791 1341 976 1427 Apocryphir
999 1341 1170 1410 breviorem
1194 1366 1277 1430 saepe
1295 1344 1342 1408 lcc·

224 1458 338 1522 tionem
368 1456 500 1542 longiori
530 1454 606 1519 male
634 1453 749 1519 librarii
781 1453 1000 1539 praetulerunt.
1049 1456 1155 1532 Addo,
1182 1479 1341 1542 quamquem

226 1571 298 1635 huic
328 1592 389 1634 non
420 1569 549 1635 multum
579 1570 681 1635 tribuo
704 1570 911 1647 similitudini,
936 1573 1014 1656 opud
1038 1572 1163 1654 Ιααασα,
1189 1594 1278 1657 quem
1295 1574 1341 1638 ire-

227 1687 369 1769 quentius
393 1687 503 1763 etiem,
529 1707 618 1769 quam
648 1690 762 1751 coetero
784 1687 921 1772 ltuengg.
951 1687 1109 1769 canonice,
1134 1687 1344 1773 Prcndqiacctoc

226 1803 375 1877 imitatur,
398 1802 466 1886 Cap.
484 1802 567 1865 llllll.
588 1801 650 1879 39,
666 1800 770 1864 eidem
789 1799 878 1886 plone
897 1802 1013 1866 ratione
1027 1800 1165 1868 absolute
1187 1803 1260 1888 poni
1278 1809 1344 1870 κατὰ

226 1922 263 1983 τὸ
288 1917 378 1999 ἔθος,
403 1915 471 1980 scil.
498 1917 610 1984 αὐτοῦ.
645 1916 725 1990 Quae
752 1935 846 1998 quum
867 1916 911 1979 ito
933 1916 1007 1998 sint,
1030 1917 1057 1978 si
1079 1914 1175 1994 mihi,
1201 1919 1343 1982 Proteum·

226 2029 340 2116 gelium
354 2030 431 2095 forte
451 2029 563 2105 edenti,
579 2027 852 2105 Griesbachii,
869 2030 906 2093 N.
924 2032 959 2094 T.
977 2028 1104 2107 edentis,
1122 2031 1202 2096 rntio
1216 2031 1345 2114 sequendo

227 2149 303 2208 esset
326 2143 422 2228 (qnod
438 2143 553 2207 utinum
570 2141 687 2206 iecisset
702 2141 834 2206 Tisch.
847 2143 871 2225 l)
893 2141 964 2206 huic
986 2141 1053 2206 loco
1071 2143 1223 2228 ejusmodi
1244 2145 1344 2232 signum

228 2277 420 2341 apponerem,
439 2276 499 2340 quo
516 2257 549 2320 in
565 2254 744 2339 aequilibrio
757 2255 867 2339 judicii
882 2255 1029 2322 bilancem
1049 2279 1111 2322 esse
1126 2259 1341 2345 significaretur.

272 2595 424 2659 Continuo
445 2599 530 2679 post,
556 2595 652 2659 eodem
672 2594 743 2673 Gap.
760 2595 870 2676 primo,
888 2592 999 2678 quibus
1017 2594 1054 2658 od
1077 2593 1171 2681 dupla
1191 2597 1252 2662 neo
1271 2597 1344 2662 ucri·

226 2709 296 2772 ficis
329 2707 480 2772 offerenda
512 2706 676 2792 impulsum
699 2729 729 2771 se
752 2708 897 2784 sentiret,
918 2729 1032 2772 cuneos
1061 2729 1219 2793 exponens
1243 2708 1345 2790 cuditur

227 2818 405 2882 loaclrimus.
446 2819 539 2904 Cujus
561 2821 675 2885 dictum
698 2823 740 2886 ito
762 2822 852 2887 refert
874 2814 1165 2906 Fabr.,··quocum,
1188 2825 1216 2889 ri
1238 2846 1256 2890 u
1275 2829 1347 2910 typo
1387 2856 1389 2917 3

227 2954 294 2997 rum
325 2934 434 2998 mendo
464 2934 592 3018 quodem
623 2936 656 2999 iu
679 2958 707 3001 v.
733 2937 868 3023 ἱλασμὸν
900 2936 1083 3013 discesseris,
1109 2936 1200 3022 plene
1222 2939 1349 3003 conuenit

227 3047 435 3113 Birchius:
461 3050 581 3118 Ἔσται
605 3057 642 3118 τὸ
667 3059 722 3136 τῆς
746 3055 929 3138 necteretur
949 3057 1051 3121 παντὶ
1071 3060 1118 3139 τῷ
1143 3053 1227 3143 λαῷ,
1247 3061 1299 3122 καὶ
1320 3058 1348 3121 τὸ

227 3171 285 3246 τῆς
310 3165 453 3248 deplorem
478 3191 541 3248 μου
562 3169 663 3252 κυρίῳ
686 3173 732 3252 τῷ
755 3171 825 3251 Θεῷ
850 3171 895 3243 εἷς
920 3166 1056 3251 ἱλασμὸν
1083 3170 1166 3253 r'pos'.

273 3278 359 3362 Apud
382 3276 484 3343 Thil.
510 3284 609 3343 autem
639 3279 718 3343 idem
744 3280 787 3343 sic
815 3283 902 3344 sonet
924 3279 1057 3345 dictum:
1094 3279 1219 3351 ’Ἔσται
1245 3287 1348 3366 τὸτῆς

226 3396 416 3480 περιουσίας
443 3419 506 3478 μου
537 3399 641 3460 παντὶ
673 3400 718 3480 τῷ
747 3393 832 3480 λαῷ,
865 3399 920 3461 καὶ
948 3399 1065 3479 τὸτῆς
1091 3398 1236 3479 ἀφέσεως
1260 3401 1349 3484 κυρίῳ

225 3513 271 3593 τῷ
297 3511 367 3595 Θεῷ
383 3533 446 3592 μου
468 3512 512 3584 εἰς
536 3507 671 3593 ἱλασμὸν
688 3510 769 3593 ἐμοί.
787 3545 828 3565 .-
846 3506 938 3592 eujus
958 3530 1028 3573 vero
1048 3509 1160 3574 Graeco
1179 3531 1253 3576 cnm
1273 3513 1350 3576 textu

226 3640 282 3684 nec
305 3618 355 3684 hic
370 3641 425 3685 nec
449 3622 557 3705 poesim
579 3620 651 3686 alibi
672 3623 824 3700 convenit,
842 3643 944 3705 quam,
962 3623 1064 3687 miuus
1078 3623 1203 3688 fortusse
1221 3623 1352 3710 prudenti

225 3735 372 3817 consilio,
396 3739 451 3801 sud
478 3738 611 3823 reposuit
641 3738 790 3817 editione,
817 3738 921 3803 Latina
952 3736 1163 3802 Guiliclmi
1186 3738 1353 3804 Postelli

224 3851 449 3933 interpretatio,
475 3873 512 3914 ex
535 3851 613 3916 ultus
636 3852 842 3937 cujuscunque
865 3853 958 3916 fontis
981 3853 1159 3917 auctoritate
1183 3853 1276 3919 ducis
1295 3852 1351 3918 ille.

225 3967 265 4028 Es
287 3965 368 4027 enim
390 3965 433 4027 sic
455 3985 517 4030 sese
541 3964 648 4031 habet:
675 3967 766 4032 »Sint
788 3970 952 4048 facultates
974 3990 1054 4032 meae
1076 3967 1169 4033 totius
1185 3970 1306 4050 populi,
1324 3969 1353 4033 is

225 4077 444 4142 »remissionem
463 4086 646 4156 pcccatorum
665 4103 788 4144 meorum
807 4082 888 4159 opud
903 4081 1011 4154 Deum,
1029 4089 1063 4144 ut
1081 4081 1257 4147 misereatur
1275 4083 1354 4147 mei.”

272 4191 357 4275 Apud
376 4190 505 4256 Tisch.
524 4193 645 4257 tandem
666 4193 738 4258 haec
762 4194 834 4258 dicti
853 4199 898 4258 est
918 4195 1133 4258 conformatio:
1159 4197 1285 4264 ’Ἔσται
1304 4205 1352 4279 τῆς

226 4311 413 4392 περιουσίας
429 4337 491 4391 μου
511 4315 613 4378 παντὶ
635 4316 678 4395 τῷ
697 4309 782 4395 λαῷ,
805 4314 912 4375 καὶτὸ
938 4319 993 4393 τῆς
1014 4311 1156 4393 αφέσεώς
1177 4339 1241 4395 μου
1261 4315 1351 4396 κυρίῳ

228 4429 271 4498 εἰς
298 4421 432 4507 ἱλασμὸν
462 4428 542 4507 ἐμοί.
572 4458 609 4470 ·-
638 4423 691 4487 Cui
717 4422 1023 4487 Tischendorfii
1046 4423 1134 4507 plane
1154 4422 1349 4489 Suckouii
