2782 4958
449 136 451 141 .
487 117 526 159 us
549 116 743 160 noritonam.
1137 101 1178 164 te

72 281 181 380 antiquo
207 279 350 378 quodam
378 279 507 379 prodito
532 293 631 379 atque
656 279 817 352 illustrato
843 305 873 379 q.
894 280 925 352 d.
952 283 1116 370 Tractatu,
1139 280 1180 356 de

73 404 127 476 lorti
146 404 240 478 docet
264 429 303 477 ac
320 405 419 477 leroci
442 404 569 490 animo,
592 428 669 502 quo,
696 404 808 477 seculo
830 405 926 492 XVI,
951 429 1080 477 saevam
1100 405 1178 476 His-

74 551 206 624 panorum
219 527 298 626 fidei
308 529 547 625 Inquisitionem
560 527 661 600 nostri
674 528 887 600 sustinuerint
903 529 1044 625 Majores
1058 527 1087 625 (l
1096 528 1120 626 l.
1135 571 1179 581 —

74 648 229 724 dubitasne
256 651 353 738 forte,
383 676 460 724 num
491 653 682 734 παθόντες
713 651 955 745 συμπάσχειν
987 650 1020 722 hi
1054 649 1179 724 didice-

74 770 122 844 rint
152 774 264 846 cives?
322 775 428 870 Legas
460 773 578 870 igitur,
613 800 679 872 quo
714 778 834 847 certius
865 774 990 846 veriora
1015 773 1179 864 docearis,

28 932 31 937 ·
73 914 138 989 quae
160 895 201 969 de
227 896 449 995 hospitalitate
474 895 590 984 tradit,
617 900 684 996 qud
712 897 857 970 suosad
883 888 966 970 lares
991 899 1008 969 J
1016 922 1180 970 oannem
1209 935 1212 940 ·

31 1004 34 1015 '
69 1011 219 1116 lligault
245 1019 448 1106 admiserint,
474 1020 680 1092 Reformatae
707 1018 782 1094 fidei
808 1021 951 1109 socium,
979 1047 1087 1120 quem,
1107 1034 1182 1120 post

17 1138 25 1237 J
64 1141 255 1241 antiquatum
281 1142 424 1216 edictum
442 1145 667 1230 Nannetense,
686 1169 726 1216 ex
750 1143 854 1241 patria
871 1142 1095 1241 Francogallia
1115 1143 1182 1215 huc

10 1274 15 1331 t
59 1265 225 1363 profugere
268 1278 444 1364 coegerant
486 1264 701 1338 Ludovici
743 1263 822 1336 XIV
867 1263 1021 1336 satellites
1065 1264 1182 1336 imma-

10 1356 15 1383 *
53 1387 185 1486 nesffl).
206 1431 253 1445 -
281 1388 346 1462 Sed
370 1389 451 1462 haec
478 1391 504 1460 si
531 1386 572 1460 ad
599 1411 701 1460 unum
727 1385 867 1484 aliquem
895 1387 1056 1458 hominem
1079 1387 1183 1484 perti-

48 1508 195 1597 nebant,
222 1535 421 1611 quamquam
445 1511 623 1584 attentione
647 1513 759 1582 nostra
781 1507 1007 1605 dignissimum
1030 1507 1121 1608 illum
1145 1533 1184 1580 ac

42 1628 292 1722 misericordid3
319 1634 408 1707 nulla
433 1635 512 1707 satis
534 1632 645 1731 gravia
666 1630 744 1703 mihi
766 1631 867 1703 verba
891 1642 1089 1727 suppetunt,
1113 1631 1184 1728 qui·

36 1742 120 1830 bus
137 1783 197 1856 pro
223 1759 269 1830 rei
290 1756 449 1854 dignitate
469 1754 623 1829 Historici
648 1754 749 1827 nostri
770 1753 988 1827 narrationem
1014 1751 1184 1849 legendam

32 1879 277 1953 commendem
309 1879 350 1952 de
382 1884 518 1979 paterna
552 1880 620 1952 lere
652 1884 731 1952 cura
756 1902 794 1950 ac
820 1874 1068 1965 benevolentia,
1095 1880 1182 1974 qud,

27 2001 158 2086 primo
177 2002 317 2074 maxime
336 1987 410 2100 post
430 2001 635 2099 abrogatum,
656 2002 745 2102 quod
764 2001 913 2091 diximus,
933 2000 1074 2076 edictum
1094 2001 1182 2073 Nan·

25 2135 187 2198 netense
204 2123 436 2224 quadriennio,
462 2122 646 2198 universam
672 2125 872 2198 Valdeusium
895 2136 1024 2223 gentem
1046 2123 1183 2198 nobilis-

25 2240 192 2336 simam,
217 2248 399 2320 miserrimo
424 2259 516 2320 extra
541 2247 677 2347 patriam
705 2248 816 2321 exsilio
840 2261 1033 2344 vagantem,
1054 2248 1182 2321 Neder-

27 2357 183 2444 lamiae
213 2385 247 2444 et
280 2370 423 2469 populus
450 2371 641 2468 complexus
664 2371 706 2442 sit
734 2382 768 2443 et
794 2370 938 2467 supremi
961 2369 1182 2469 Magistratus.

28 2482 111 2566 Ex
131 2494 249 2568 horum
270 2496 415 2593 ipsorum
437 2493 522 2566 enim
540 2493 680 2580 decretis
697 2491 833 2591 aliisque
852 2517 891 2565 ex
907 2491 1053 2567 lontibus
1073 2493 1186 2566 arebe-

28 2614 143 2712 typis
172 2640 211 2688 ea
234 2614 276 2686 ab
301 2613 356 2687 illo
383 2612 484 2687 relata
513 2613 639 2686 videbis
659 2639 698 2687 ac
721 2615 881 2713 reposita,
904 2641 1006 2715 quae,
1034 2617 1185 2717 quamvis

33 2738 158 2812 multa
174 2737 216 2813 de
236 2737 493 2814 Valdensibusa
516 2736 664 2835 plurimis
685 2737 814 2834 prodita
834 2737 1049 2837 scriptoribus
1072 2738 1183 2814 audie·

50 2935 201 2954 5*---—---·-

101 3058 140 3131 (t)
160 3059 240 3114 Aret.
262 3057 328 3113 Vol.
349 3058 381 3126 1,
398 3077 429 3132 p.
450 3063 614 3127 253-282,
633 3057 684 3115 bac
705 3058 885 3132 inscriptione
905 3058 979 3113 illlua
998 3064 1092 3114 exstat
1112 3076 1186 3116 com·

49 3158 267 3214 ment-ariolum:
287 3157 371 3228 Bq'dr.
394 3164 428 3212 tot
445 3161 476 3214 de
496 3159 666 3229 peacbz'edenis
685 3175 734 3213 vnn
757 3160 804 3214 dea
821 3158 925 3215 Nederl.
951 3157 1094 3227 Vollcspeest
1110 3159 1137 3213 in
1156 3163 1187 3214 de

55 3246 150 3310 qu
162 3276 238 3327 eeuw,
260 3267 389 3327 teqenover
406 3260 437 3313 dc
455 3259 601 3329 Spaamcte
619 3258 766 3330 Inquisitio.
1270 3317 1274 3324 ,

101 3352 142 3429 (2)
160 3357 228 3414 Vid.
254 3356 335 3411 Arcb.
355 3355 419 3411 Vol.
439 3355 489 3412 VI.
517 3375 544 3430 p.
566 3361 731 3425 aas-2583
762 3354 808 3411 ubi
827 3356 917 3429 ipsum
946 3355 1030 3410 etiam
1047 3355 1190 3426 Martyron

57 3442 112 3512 (δῖα
129 3455 203 3512 enim
219 3455 283 3528 jure
297 3455 352 3510 dici
369 3462 482 3527 poterat
501 3457 663 3512 Ioannes
682 3454 730 3510 ille
749 3455 918 3526 Migault)
936 3454 992 3510 suis
1009 3456 1044 3510 de
1060 3455 1125 3512 satis
1141 3457 1191 3512 fle·

55 3537 151 3610 biliter
175 3560 336 3610 narrantem
356 3554 492 3611 audimus.
530 3555 573 3610 De
593 3556 691 3610 eodem
710 3554 746 3608 cf.
774 3554 898 3626 ejusdem
918 3554 998 3608 Aret.
1018 3553 1082 3610 Vol.
1102 3555 1188 3611 VIII.

52 3652 83 3707 P·
99 3656 267 3727 4293-4323
288 3655 336 3710 ubi
355 3657 514 3728 quomodo,
531 3655 656 3711 Embdae
675 3656 796 3726 degens,
818 3654 943 3711 terrestri
964 3673 999 3710 ex
1020 3653 1078 3709 vita
1096 3671 1191 3710 exces-

49 3744 126 3808 ‘erit
139 3753 186 3808 Mi
192 3756 331 3826 galtius
350 3756 468 3812 relatum
480 3757 610 3828 legimns.
631 3755 717 3827 cujus
734 3755 856 3826 quidem,
872 3770 955 3826 qnam
967 3754 1190 3823 memoravimus,

47 3845 181 3910 ”amatio
195 3861 278 3910 antea
290 3855 350 3928 jam
365 3857 400 3910 ab
417 3855 478 3910 aliis
500 3862 528 3910 et
541 3852 751 3926 Francogallice
769 3861 798 3908 et
810 3852 1015 3908 Nederlandice
1028 3859 1090 3907 erat
1104 3852 1190 3920 edita,

44 3943 102 3999 'ed
133 3961 213 4026 parte
237 3954 330 4026 aliqua
349 3961 477 4010 truncato
498 3971 533 4008 ex
557 3952 693 4026 exemplo.
732 3950 847 4007 Plenius
871 3958 963 4006 autem
993 3951 1068 4004 aliud
1094 3957 1192 4006 nactus

41 4042 118 4134 {³th
129 4053 179 4121 R.,
199 4055 322 4109 donante
340 4053 506 4125 Migaltii
520 4053 631 4126 Nepote
645 4053 690 4108 W.
705 4051 743 4106 Η.
758 4050 890 4118 ΗοιιὸῙ,
905 4056 972 4105 tunc
985 4048 1082 4103 Theol.
1097 4049 1191 4113 stud..

36 4138 113 4230 {³¹11
125 4150 272 4208 Sacrorum
292 4154 367 4225 apud
378 4152 599 4226 Nieuportenses
611 4151 755 4206 Antistite.
786 4148 871 4215 Quod
889 4148 976 4221 igitur
995 4148 1036 4202 ita
1054 4149 1193 4221 expressit

39 4222 115 4315 ¹¹¹0,
136 4256 167 4306 ut
185 4250 296 4324 integra
315 4269 388 4307 nunc
407 4259 530 4309 exstaret
550 4252 661 4323 suisque
680 4249 805 4322 partibus
825 4247 954 4304 absoluta
973 4247 1108 4302 narratio.

1060 4349 1081 4411 l
