2782 4958
519 370 680 414 UUNSUUAU.

70 761 115 826 De
140 760 368 844 Proteuanpeln'a'
391 758 439 824 vel
472 759 565 824 Codd.
592 761 639 825 vel
670 762 841 826 Editoribus
872 783 947 845 quae
970 763 1067 828 adbuc
1090 765 1169 829 diri-

22 897 118 952 mus,
145 896 182 940 eo
205 895 287 939 nuno
310 880 427 938 nostrae
451 872 541 958 bujus
570 873 725 940 relationis
748 873 835 939 telam
863 881 969 961 sponte
993 877 1165 959 deducunt,

24 996 86 1067 11,
112 1011 211 1055 unum
241 989 427 1072 alterumque
457 987 633 1074 singulatim
664 988 747 1054 illius
776 988 876 1056 locum
906 992 1109 1077 attingentes,
1135 994 1167 1056 in

27 1105 96 1190 ejus
119 1109 209 1169 textu
239 1103 449 1168 constituendo
471 1110 603 1186 quantus
626 1104 803 1168 Criticorum
830 1107 871 1171 ait
892 1106 1042 1171 dissensus
1065 1109 1168 1191 paucis

27 1219 279 1283 demonstremus.
330 1219 396 1293 Quo
419 1217 496 1281 iacto
520 1223 550 1282 et
573 1239 649 1300 quae
683 1217 732 1281 hic
755 1220 937 1303 praestiterit
959 1222 1067 1285 Ductor
1088 1221 1167 1300 Irip-

26 1333 141 1398 siensu‘s
161 1330 271 1396 clarius
286 1330 374 1395 nobis
396 1330 569 1417 apparebit,
589 1336 620 1396 et
633 1353 723 1414 quam
742 1330 837 1397 multa
856 1332 974 1418 plenius
989 1334 1168 1418 inquirenda

27 1452 146 1512 restent
175 1447 344 1529 certiusque
379 1446 567 1521 definienda,
597 1452 773 1530 anteaquam
800 1447 836 1511 de
863 1449 934 1512 verb
959 1449 1167 1534 Psendnjaaoba'

28 1582 124 1624 manu
147 1564 238 1644 atque
263 1561 510 1645 interpretatione
532 1561 612 1624 inter
634 1559 791 1644 plerosque
814 1566 893 1625 certe
916 1560 1029 1645 ubique
1052 1568 1169 1627 constet

29 1675 170 1740 Criticos.
196 1672 366 1757 liquebit,
381 1673 606 1758 antiquioribus
627 1695 686 1738 non
705 1674 793 1758 plane
812 1675 961 1760 sepositis,
978 1674 1167 1740 Thilonis

29 1789 159 1854 maxime
189 1810 223 1852 ao
245 1788 511 1853 Tiscbendorf
516 1789 545 1852 ii
577 1789 721 1853 rationem
763 1787 895 1854 habituri
930 1810 1043 1853 sumus.
1092 1794 1166 1855 Nam

29 1905 74 1982 si,
98 1927 117 1967 a
140 1904 237 1988 primo
259 1925 379 1987 quoque
406 1904 522 1982 exorsi,
546 1908 723 1967 cunctorum
753 1908 879 1967 conatus
901 1924 1053 1969 recensere
1078 1907 1165 1970 insti·

29 2025 205 2094 ineramus,
230 2040 268 2082 ne
291 2018 420 2083 taediosa
441 2016 601 2082 lectoribus
623 2016 797 2082 redderetur
815 2018 934 2081 criticae
955 2018 1167 2102 disputationis

29 2134 152 2199 ariditas
174 2132 337 2199 uerendum
360 2132 446 2198 nobis
469 2139 552 2197 esset.

75 2249 207 2313 Ineunte
237 2247 333 2334 igitur
365 2248 470 2327 Capite
494 2249 617 2328 prima,
650 2249 845 2323 deaclinae,
882 2251 982 2312 Annae
1016 2248 1163 2331 maritus,

31 2363 137 2428 Mariae
160 2365 263 2447 pater,
288 2361 378 2446 dupla
394 2364 453 2426 er
476 2362 553 2426 dona
574 2362 685 2427 dieitur
705 2361 859 2426 obtulisse.
896 2361 949 2427 Ubi
966 2367 1033 2447 post
1056 2361 1161 2428 vocab.

32 2477 136 2546 διπλᾶ
160 2476 276 2541 Thilo
306 2477 423 2542 addidit
446 2483 530 2544 κατὰ
555 2483 591 2544 τὸ
616 2478 711 2555 ἔθος,
725 2477 813 2561 'quod
837 2478 879 2540 ita
901 2477 936 2540 ad
962 2478 1047 2560 pium
1069 2478 1166 2556 ipsius

31 2613 147 2656 morem
169 2591 278 2667 refert,
303 2596 339 2656 ut
361 2590 571 2676 explicandum
594 2592 635 2654 sit
658 2596 769 2659 εἰώθει
794 2593 997 2678 προσφέρειν.
1032 2589 1088 2656 Ubi
1106 2592 1163 2654 Co·

30 2706 109 2771 diois
138 2706 346 2771 auctoritatem
376 2706 529 2789 sequitur,
555 2706 661 2789 cujus,
696 2725 791 2788 quum
821 2705 1062 2788 antiquissimum
1094 2727 1164 2770 enm

29 2819 154 2886 baberet
176 2841 209 2884 ao
232 2820 537 2905 praestantissimum,
558 2820 682 2907 vulgato
705 2821 763 2887 sibi
781 2821 1025 2886 substituendum
1046 2828 1164 2886 textum

27 2933 229 3001 existimabat.
271 2936 341 3000 Fuit
365 2935 464 3001 Codex
493 2935 565 2999 olim
591 2936 795 3013 (biduanas,
820 2959 910 3020 quem
933 2958 1015 3001 nunc
1038 2937 1164 3020 Raptum

27 3050 202 3115 Parisiorum
231 3049 360 3135 appellat
389 3049 520 3114 Tisch.
569 3050 662 3134 liujus
691 3073 761 3114 vero
794 3074 869 3116 rraaa
897 3052 1163 3134 Manuscriptorum

28 3166 250 3230 nomenclatura
281 3169 398 3228 nostros
421 3185 458 3227 ne
488 3166 618 3229 incertos
641 3164 744 3229 reddat
766 3164 901 3239 lectores,
929 3165 1071 3229 monendi
1093 3172 1166 3230 sunt

27 3299 113 3354 eum,
139 3299 229 3361 quem
252 3279 284 3342 in
307 3277 423 3342 deliciis
445 3277 572 3344 habebat
596 3279 723 3344 Gritious
746 3279 914 3361 Hatense's,
940 3278 1100 3356 Codicum,
1125 3279 1163 3344 ab

28 3394 97 3477 ipso
120 3392 242 3476 quidem
273 3394 370 3457 notari
395 3396 439 3473 Α,
465 3415 481 3456 a
503 3394 659 3473 1111111111
681 3414 752 3456 vero
776 3398 877 3457 nostro
902 3393 935 3457 C.
963 3429 1004 3440 -
1026 3395 1090 3457 lam
1113 3394 1165 3458 ad·

29 3507 231 3572 ditamontum
253 3505 329 3571 illud
353 3513 437 3574 κατὰ
463 3511 499 3574 τὸ
521 3509 598 3584 ἔθος
624 3506 734 3571 habent
755 3506 845 3570 etiam
869 3507 901 3570 C.
923 3507 947 3571 1.
966 3507 1001 3572 0.
1019 3505 1081 3593 (1).
1122 3510 1165 3572 Ne

28 3623 68 3687 ds
91 3623 253 3688 1111111111
277 3622 387 3702 dicam,
412 3623 464 3705 qui
488 3622 577 3686 etiam
600 3623 663 3706 ipse
687 3621 715 3684 ei
738 3621 836 3686 favere
859 3621 990 3686 videtur.
1038 3623 1097 3685 Nec
1119 3626 1164 3686 ta·

28 3758 100 3802 men
134 3735 396 3822 reprehendendus
426 3741 472 3801 est
506 3735 659 3812 Tisoh.,
685 3735 738 3819 qui
761 3755 822 3799 non
848 3734 944 3821 magis
966 3734 998 3798 id
1028 3737 1161 3820 recepit,

35 3892 198 3904 ,αι-*-

28 4007 53 4056 p.
77 3989 289 4050 XXI-XXIV,
315 3992 358 4041 ubi
384 3991 499 4056 priorum
518 3988 597 4055 Capp.
619 3989 710 4040 eodem
736 4004 770 4040 cx
795 3987 864 4039 fonto
884 3987 976 4039 ductae
998 3992 1161 4039 recensentur

28 4085 164 4135 variantes.

60 4175 98 4239 (1)
121 4174 169 4225 Ubi
186 4175 342 4238 simpliciter,
361 4175 487 4240 alphabeti
505 4187 551 4239 per
563 4174 669 4234 litteras,
689 4171 769 4223 Codri.
788 4172 943 4230 memorabo,
962 4169 1162 4222 recentissimam

27 4282 117 4319 eorum
144 4268 301 4317 notationem
327 4275 460 4317 secuturos
483 4281 540 4317 sorn
567 4264 724 4332 Lipsiensem.
763 4263 838 4325 Quod
859 4263 938 4315 semel
962 4262 1003 4313 hic
1031 4264 1163 4314 monuisse

25 4361 141 4412 sufficiet.
176 4360 261 4411 Nolim
284 4361 352 4411 eninr
374 4369 401 4411 ut
421 4361 591 4411 dubitationes
608 4369 634 4410 11
656 4362 744 4411 inanes
762 4358 956 4420 altercationes,
976 4370 1040 4421 quas
1060 4370 1092 4406 cx
1112 4356 1162 4419 sig·

23 4467 115 4505 uorum
134 4453 181 4504 btc
201 4455 311 4505 novitate
332 4454 484 4513 reformido,
502 4469 558 4506 mea
577 4456 641 4507 haec
662 4461 754 4519 nogent
773 4452 872 4504 relatio.

1005 4548 1023 4608 9
