2782 4958
124 327 165 390 78
612 343 763 387 unnnnrno

124 514 201 583 situs
230 509 361 609 quidem
386 532 585 608 quemquam
607 507 749 605 petebot;
774 531 813 579 ac
836 505 941 605 siqui
971 505 1084 605 inique
1107 530 1146 577 ao
1170 530 1239 578 oon-

125 632 295 707 tumeliose
317 633 351 704 in
376 634 479 732 ipsius
510 634 631 731 scripta
659 633 863 720 invaserant,
887 629 977 729 quod
999 654 1238 727 nonnunquam

125 757 247 830 lactum
270 782 341 829 esse
362 757 526 843 novimus,
549 754 676 827 silentio
702 780 759 827 eos
778 754 948 827 confutare
971 753 1131 841 malebat,
1156 777 1238 852 quan

127 880 332 955 contumeliis
352 879 464 952 ulcisci
482 877 641 977 repositis.
680 881 792 978 Atque
815 879 945 952 eosdem
966 879 1039 975 ejus
1056 903 1188 966 sensus,
1206 875 1239 948 ad

126 1002 379 1076 moderationem
410 1005 607 1099 compositos
636 1026 675 1073 ac
707 1001 888 1091 lenitatem,
921 999 1122 1074 luculentius
1159 998 1238 1072 etiam

127 1126 301 1200 concordia
322 1139 461 1199 testatur
482 1140 581 1224 atque
598 1126 756 1215 amicitia,
779 1132 865 1226 qul,
891 1125 981 1199 nullo
1008 1150 1075 1199 non
1098 1138 1236 1223 tempore,

128 1276 203 1323 cum
237 1249 376 1347 Collegis
406 1248 483 1322 vixit
516 1263 616 1348 atque
646 1276 712 1323 uno
744 1275 818 1322 oum
852 1252 890 1323 iis
921 1253 1030 1325 animo
1061 1248 1237 1324 Academiae

129 1371 309 1447 commodis
345 1396 383 1444 ac
419 1371 516 1444 saluti
551 1373 738 1471 prospicere
776 1389 913 1447 conatus
944 1391 1003 1449 est.
1063 1377 1100 1446 ln
1137 1373 1237 1473 quibus

131 1521 234 1595 quum
273 1495 419 1592 Theolopi
440 1494 625 1593 singulatim
654 1510 781 1587 essent,
809 1497 872 1570 diei
908 1524 971 1570 non
1003 1509 1128 1596 potest,
1157 1519 1235 1595 quaro

130 1620 242 1693 multis
271 1632 304 1692 et
329 1644 427 1719 quam
452 1617 589 1691 diversis
614 1618 788 1709 derebus,
812 1647 871 1720 per
890 1621 1094 1695 continentes
1117 1619 1237 1692 muneris

131 1741 305 1815 academici
333 1741 464 1839 triginta
493 1766 613 1830 annos,
636 1768 711 1815 cum
735 1745 788 1816 his
812 1745 1014 1843 potissimum
1041 1743 1172 1817 consilia
1192 1740 1236 1840 ipsi

132 1867 328 1942 conserenda
354 1867 475 1940 luerint
497 1892 536 1940 ac
553 1869 717 1940 communi
740 1893 779 1940 ex
796 1867 928 1941 decreto
944 1867 1140 1966 peragenda.
1170 1870 1239 1952 Qua·

131 2017 204 2065 rum
232 1991 362 2090 quidem
391 2016 545 2063 curarum
574 1991 769 2064 seinvicem
796 1992 1024 2090 excipientium
1054 1988 1239 2065 multitudine

133 2141 171 2188 ao
195 2115 354 2213 grauitate
375 2140 474 2214 quam
492 2115 586 2188 lacile
603 2114 673 2186 lieri
696 2115 838 2212 potuerit
858 2127 912 2203 ut,
942 2113 1078 2186 dirersis
1105 2114 1137 2185 in
1154 2113 1240 2184 homi·

133 2264 211 2311 num
237 2239 362 2327 studiis,
385 2238 579 2312 concordiae
606 2264 646 2311 ex
669 2238 852 2335 integritate
877 2237 1105 2311 detraheretur
1123 2235 1239 2336 aliquid,

135 2362 209 2462 quis
237 2375 288 2434 est
312 2362 369 2460 qui
391 2387 456 2434 non
477 2373 593 2460 sponte
618 2361 797 2458 intelligat?
838 2362 959 2434 Verum
984 2361 1193 2436 haecomnia
1214 2357 1244 2432 ad

133 2486 255 2558 arctius
281 2485 514 2559 consociandos
541 2485 669 2583 potius,
688 2510 786 2582 quam
814 2484 854 2556 ad
878 2483 1101 2557 dissociandos
1124 2483 1245 2556 valuisse

134 2608 384 2705 Theologorum,
412 2607 594 2706 dequibus
621 2607 767 2694 dicimus,
794 2608 928 2694 animos,
953 2612 1045 2680 testis
1066 2633 1193 2681 mecum
1211 2616 1248 2680 est

135 2731 331 2816 Vinlrius,
355 2744 401 2802 tot
419 2757 571 2803 curarum
598 2730 676 2802 mihi
700 2731 917 2831 laborumque
938 2732 1046 2805 socius
1067 2731 1252 2814 fidissimum

135 2852 227 2925 testis
251 2866 346 2941 esset,
371 2853 397 2924 si
419 2853 551 2939 viveret,
574 2853 777 2951 Heringa,
802 2856 874 2943 Vir,
899 2855 926 2926 si
952 2855 1026 2952 quis
1051 2853 1154 2943 alius,
1180 2880 1252 2953 pru·

134 2974 215 3048 dens
234 3000 273 3047 ao
297 2976 560 3073 circumspectus.
613 2975 674 3047 Hic
698 2976 782 3048 enim
807 2977 839 3048 in
863 2976 1023 3075 Collegae,
1044 2978 1156 3050 multis
1173 2975 1264 3049 annis

133 3097 284 3196 junioris,
307 3097 370 3171 fido
395 3111 494 3195 atque
521 3097 660 3171 amicitia
683 3099 728 3171 ita
754 3100 994 3199 acquiescebat,
1022 3113 1059 3173 ut
1086 3126 1153 3173 non
1175 3100 1271 3173 fami·

135 3221 257 3295 liariter
278 3222 382 3294 solum
406 3247 481 3294 oum
507 3247 546 3294 eo
567 3238 824 3313 conversaretur,
846 3223 903 3296 sed
929 3223 989 3322 ipsi
1014 3248 1062 3312 ea,
1089 3249 1279 3323 quaepau‘

137 3344 193 3435 cis,
220 3345 318 3418 animi
344 3344 476 3417 consilia
505 3369 544 3416 ac
573 3343 733 3418 desideria
755 3345 934 3419 declararet
959 3358 991 3419 et
1017 3345 1169 3444 aperiret.

186 3719 309 3791 Verum
334 3715 487 3814 singulas,
513 3743 595 3816 quas
621 3715 777 3789 diuturno
797 3744 858 3790 usu
885 3718 1096 3817 munerisque
1112 3717 1285 3792 societate

139 3841 171 3913 in
198 3839 457 3938 Royaardsio
483 3841 705 3938 cognovimus,
721 3842 817 3914 animi
836 3841 1021 3940 ingeniique
1034 3840 1129 3913 dotes
1143 3866 1183 3914 ao
1195 3866 1285 3914 cana

138 3963 204 4037 didi
223 3961 364 4061 pectoris
380 3962 479 4052 bona,
508 3990 688 4038 memorare
713 3964 845 4063 longum
872 3979 929 4038 est.
970 3966 1039 4038 Nec
1061 3978 1171 4038 tamen
1190 3991 1285 4065 qna*

138 4088 199 4162 lem
222 4112 261 4160 ac
286 4111 383 4185 quam
408 4087 634 4184 praestabilem
660 4114 734 4162 eum
765 4067 978 4162 habuerimus
1005 4089 1179 4176 Amicum,
1207 4091 1285 4178 Te,

139 4209 297 4283 benevole
318 4209 450 4282 Lector!
478 4210 573 4308 plane
590 4212 741 4308 ignorare
765 4212 846 4285 volo.
881 4211 1050 4285 Concedas
1071 4212 1182 4309 igitur,
1205 4236 1285 4311 quo

141 4331 316 4431 pleniorem
345 4331 602 4432 lucidioremque
627 4333 713 4406 illius
742 4334 814 4406 Tibi
845 4336 999 4407 informes
1022 4335 1209 4433 imaginem,
1236 4343 1283 4405 ut

141 4454 249 4529 miuus
267 4455 374 4528 tritam
395 4455 535 4554 aliquam
553 4456 605 4529 blo
627 4459 779 4533 narrandi
795 4459 879 4535 viam
903 4457 1075 4557 ingrediar.
1103 4459 1281 4536 Novistine
