2782 4958
137 283 155 346 t‘r
627 301 778 345 nannamo

141 467 364 565 reprehensio,
397 468 528 566 ineptus
566 464 666 539 videri
701 465 785 537 malo
821 477 985 556 narrator,
1016 491 1115 565 quam
1145 469 1239 542 amicus

142 591 319 663 obliviosus
341 604 439 689 atque
459 588 617 662 adversos
634 588 792 687 optimum
816 587 981 685 Collegam
1004 589 1159 686 ingratus.
1194 594 1242 664 Noe

140 738 219 786 sane
241 714 267 784 is
293 729 361 786 erat
382 714 454 800 Vir,
478 736 575 812 quem
596 712 788 799 extulimus,
814 713 1127 808 praestantissime,
1144 713 1182 786 de
1196 741 1243 814 quo

141 835 290 935 quamvis
316 836 512 909 multavere
535 834 722 923 dictasint,
747 834 808 906 alia
832 835 999 924 narrandi,
1022 832 1073 908 ¹uel
1096 837 1136 908 ad
1156 838 1247 932 cogni·

139 959 258 1032 tionem
282 959 443 1057 jucunda,
470 959 520 1030 vel
547 957 585 1030 ad
615 958 823 1030 imitationem
852 958 957 1048 utilia,
982 957 1123 1032 facultas
1147 960 1248 1033 homini

137 1081 250 1153 deesse
277 1080 441 1178 possitae
467 1088 579 1178 copia,
604 1081 655 1152 cui
690 1095 737 1152 tot
763 1106 822 1178 per
848 1107 1007 1154 annorum
1035 1083 1137 1155 lustra
1164 1099 1248 1172 tanta

136 1217 258 1303 quanta
287 1204 413 1302 paucis,
441 1227 515 1275 cum
544 1202 597 1274 illo
624 1203 757 1275 fuerunt
777 1205 971 1276 commonia.
1008 1205 1163 1294 Accedit,
1180 1205 1250 1306 quod

135 1327 222 1426 apud
243 1341 372 1400 exteros
392 1327 488 1423 longe
510 1335 617 1396 notior
640 1325 692 1397 hic
711 1341 782 1398 erat
799 1351 837 1398 ac
860 1326 1065 1416 celebratior,
1086 1354 1183 1427 quam
1201 1329 1250 1427 ple

134 1450 244 1548 risque
266 1449 465 1522 nostratibus
486 1449 674 1546 contingere
691 1450 774 1522 solet
793 1451 976 1548 Theologis.
1004 1452 1129 1524 Iccirco
1146 1479 1249 1525 curen-

131 1574 210 1646 dum
238 1598 309 1646 esse
334 1572 520 1657 videbatur,
548 1596 588 1643 ne
616 1572 685 1644 sola
710 1574 778 1645 lere
811 1573 897 1645 vitae
922 1572 1010 1646 illius
1039 1576 1131 1646 testis
1158 1589 1250 1646 nostra

133 1711 275 1769 exstaret
293 1693 412 1791 lingua,
431 1706 529 1793 atque
550 1709 586 1766 ut
607 1721 647 1768 eo
668 1695 782 1784 etiam,
810 1697 867 1795 qui
892 1696 1037 1770 omnium
1060 1697 1248 1771 eruditorum

133 1818 315 1892 communis
339 1831 406 1903 est,
439 1842 590 1890 sermone
614 1819 728 1890 Latino
757 1821 985 1919 qualecunque
1016 1834 1107 1893 certe
1136 1819 1249 1921 aliquod

133 1943 219 2015 illius
252 1966 361 2014 rerum
396 1965 434 2012 ac
469 1939 603 2012 laudum
638 1943 850 2014 summarium
883 1942 1140 2040 consignaretur.
1190 1947 1248 2030 Quo

133 2064 258 2139 facilius
280 2078 312 2137 et
335 2088 401 2163 quo
432 2064 571 2163 plenius,
595 2066 690 2161 cujus
712 2065 882 2137 nobiscum
909 2065 1047 2138 viventis
1074 2067 1187 2139 merita
1205 2091 1248 2138 su-
1288 2154 1290 2163 ¹

134 2204 312 2287 sperarunt
329 2189 491 2276 Germani,
508 2188 649 2260 Helvetii
667 2188 787 2287 aliique
806 2188 892 2259 illius
911 2186 1055 2260 defuncti
1068 2210 1248 2286 cognoscere
1287 2176 1290 2199 ⁹

135 2328 268 2411 possent
287 2314 434 2385 virtutes.
474 2314 646 2383 Caeterum
672 2311 716 2383 ita
741 2311 839 2408 hujus
859 2311 1116 2384 commentarioli
1139 2309 1248 2384 consul·

133 2450 228 2509 turus
248 2463 319 2510 sum
342 2436 508 2523 brevitati,
534 2450 571 2507 ut
590 2459 675 2534 quae
695 2435 846 2534 Collegae
866 2436 933 2508 fata
956 2437 998 2508 ab
1019 2437 1090 2509 aliis
1111 2437 1189 2509 satis
1210 2435 1248 2507 lu·

133 2560 281 2632 colenter
308 2558 425 2631 tradita
455 2556 591 2645 videbo,
619 2583 657 2631 aa
682 2558 732 2631 vel
766 2559 862 2657 plane
887 2575 1087 2658 praeteream
1110 2561 1162 2632 vel
1185 2561 1247 2631 bre-

134 2683 263 2753 vissime
286 2681 391 2754 solum
414 2681 579 2776 attingam.
623 2681 737 2766 Qualis
760 2681 859 2753 fuerit
880 2707 918 2754 ac
942 2707 1039 2781 quam
1061 2680 1248 2780 praestabilis

129 2803 307 2891 Ecclesiae,
334 2803 586 2874 Nederloede‘cee
617 2804 769 2892 momime,
805 2805 995 2892 Historicns,
1024 2805 1053 2876 id
1088 2830 1129 2876 ex
1154 2807 1254 2876 nostrl

130 2927 192 2998 hac
218 2925 401 2998 narratione
424 2924 533 3022 paullo
555 2925 675 2996 clarius
698 2939 731 2997 et
750 2926 801 2996 alii
826 2925 1006 3022 intelligant
1029 2925 1122 2997 velim
1146 2927 1249 2997 Lecto·

130 3075 196 3137 res,
221 3062 253 3120 et
279 3050 360 3135 Vos,
392 3048 447 3146 qui
477 3048 594 3121 horum
623 3048 805 3121 studiorum
837 3051 932 3122 Duce
959 3050 1012 3122 illo
1044 3050 1093 3121 usi
1125 3050 1202 3122 estis
1220 3070 1251 3120 ao

129 3171 350 3258 Moderatore,
378 3171 640 3245 Commilitones!

179 3541 220 3614 Ut
246 3541 417 3614 universae
439 3541 697 3639 Royaardsii
725 3542 809 3614 vitae
831 3542 914 3615 laeta
933 3543 1031 3615 multa
1052 3544 1254 3642 contigerunt

129 3689 167 3735 ac
192 3689 365 3762 prospera,
388 3665 435 3735 sio
458 3679 522 3735 tam
546 3665 652 3736 fausta
676 3663 941 3737 nataliumsnrte
966 3691 1045 3738 usus
1065 3682 1125 3756 est,
1153 3682 1201 3755 ut,
1220 3666 1255 3739 ab

127 3786 260 3858 ineunte
276 3789 340 3882 jam
360 3801 476 3871 aetate,
495 3787 535 3858 ad
558 3787 785 3860 demerendam
805 3789 929 3884 magnis
951 3789 1128 3887 aliquando
1148 3791 1255 3863 officiis

125 3908 244 3979 Christi
271 3911 451 3982 Ecclesiam
479 3910 657 3982 destinasse
683 3936 757 3983 curn
787 3911 953 3983 videretur
978 3937 1017 3982 ac
1048 3920 1255 4010 praeparasse

125 4031 215 4101 Dens
233 4033 270 4102 Ο.
292 4035 332 4103 lll.
356 4033 493 4129 Trajecti
516 4033 556 4104 ad
577 4034 727 4107 Rhenum
749 4035 851 4122 enim,
874 4036 904 4104 in
928 4034 1108 4107 cultissimo
1133 4039 1254 4110 Patriae

129 4151 319 4239 meditullio,
343 4151 563 4227 doctrinarum
582 4156 698 4228 studiis
719 4155 873 4228 affluente
894 4154 962 4244 illo,
986 4156 1015 4228 d.
1045 4161 1066 4228 3
1096 4184 1137 4232 rn.
1158 4161 1253 4232 Octo-

128 4275 194 4345 bris
215 4301 242 4346 a.
264 4278 487 4349 MDCCXClV
507 4294 615 4364 natus,
645 4279 863 4375 paratissimas
886 4305 1034 4377 quasque
1055 4297 1173 4375 sponte
1197 4281 1250 4353 sihi

126 4398 251 4470 oblatas
278 4399 408 4472 videbat
437 4400 526 4473 utilia
553 4402 718 4499 quaelibet
740 4418 771 4474 et
798 4403 911 4501 pulcra
935 4403 1079 4476 discendi
1102 4419 1249 4504 opportu-
