2782 4958
517 365 676 409 mannasse
700 365 867 408 cessuras.
1013 386 1017 393 ι
1218 348 1260 410 51

120 535 335 618 perintcndena
357 555 392 597 ao
415 531 525 596 Poawr
546 533 731 618 primarias.
780 533 861 596 Nam
891 533 994 596 oborta
1022 533 1158 617 proiecto
1182 531 1257 596 mibi

123 649 259 724 deficiat,
283 649 310 711 si
334 649 434 711 omnia
457 669 621 712 memorare
652 646 757 712 vellem
785 648 901 732 judicia
932 647 1112 723 honorifica,
1146 647 1257 732 quibus

121 763 255 848 singulas
278 763 420 847 deinceps
443 763 542 847 operis
563 767 663 848 partes
686 763 862 827 ornaverint
878 763 948 827 Viri
971 763 1064 827 docti.
1097 761 1160 826 Ubi
1177 782 1256 826 unus

121 879 214 940 instar
229 878 366 940 omnium
382 875 471 940 nobis
493 876 744 942 Fritnsobius
767 878 819 957 sit,
844 877 1017 963 Theologus
1031 877 1164 962 primum
1179 876 1256 940 Ros·

121 990 297 1064 tochiensis,
317 997 420 1076 postea
436 991 615 1071 Giessensis,
630 990 844 1057 nobilissimus.
868 991 932 1055 Hic
946 991 1027 1054 enim
1044 988 1253 1071 Meyernm,

122 1105 245 1169 scholiis
267 1107 300 1168 in
322 1107 369 1171 N.
392 1106 430 1171 Τ.
452 1105 640 1185 scribendis,
674 1106 711 1170 de
733 1108 838 1170 nostrt
861 1105 918 1169 bto
941 1109 1037 1168 aetate
1060 1102 1255 1187 singulariter

121 1219 204 1304 plane
229 1221 375 1284 meruisse
396 1207 535 1298 affirmat,
560 1242 686 1307 eamque
709 1220 929 1285 demonstrasse
951 1220 1024 1284 artis
1053 1216 1255 1302 explicatriois

122 1335 272 1419 peritiam,
298 1356 374 1420 quae
395 1336 524 1400 Auctori
546 1337 578 1399 in
600 1335 864 1420 praestantissimis
886 1335 972 1406 adeo,
996 1354 1073 1417 quos
1099 1331 1158 1396 hoo
1179 1337 1255 1396 tem·

122 1469 176 1533 pus
198 1448 356 1531 extulerit,
380 1448 601 1534 Interpretibus
622 1449 788 1534 prinoipem
804 1448 1049 1514 honoris‘locum
1072 1447 1251 1512 vindicaret.

122 1563 221 1647 Atque
243 1563 325 1627 idem
348 1563 670 1628 De·Wettianum
693 1562 870 1649 singulatim
893 1565 926 1629 in
948 1564 1104 1648 epistolam
1131 1561 1167 1626 sd
1190 1561 1254 1626 Ro·

123 1691 227 1742 manos
249 1679 498 1743 commentarium
522 1677 581 1742 Me
588 1678 754 1761 periano
784 1677 868 1742 nulld
898 1678 960 1741 fere
984 1698 1020 1741 ex
1042 1681 1127 1761 parto
1153 1676 1255 1758 aequi·

122 1794 217 1877 parari
239 1814 327 1878 posse
348 1792 581 1876 contendit(l).
615 1793 698 1864 Quid
721 1791 801 1877 quod
817 1793 881 1876 ipse
901 1791 1146 1866 De·Wettius,
1171 1809 1256 1873 prae·

122 1906 232 1970 latione
255 1908 462 1971 commentarii
484 1909 516 1971 in
536 1907 675 1991 epistolas
697 1908 732 1971 ad
751 1907 930 1983 Corinthios,
948 1905 1030 1969 huno
1045 1926 1114 1988 prae
1130 1905 1256 1968 caeteris

124 2019 323 2104 Interpretem
346 2020 438 2083 luisse
461 2020 630 2103 profitetur,
655 2021 707 2103 qui
731 2012 834 2083 multis
857 2041 921 2082 sese
936 2018 1119 2082 demeruerit
1134 2018 1253 2091 officiis,

123 2133 231 2218 quippe
254 2134 341 2217 cujus
363 2134 512 2198 enarratio
531 2133 640 2218 judieii
663 2133 832 2198 subtilitate
850 2139 991 2198 cernatur
1006 2136 1096 2217 atque
1118 2131 1256 2195 acumine

124 2248 249 2312 excellat
272 2249 333 2333 (2).
382 2247 469 2320 Quae
492 2270 562 2312 sane
584 2248 808 2312 De·Wettii
832 2247 898 2312 laus
913 2269 949 2310 eo
966 2243 1188 2311 memorabilior
1203 2266 1256 2309 no·

125 2361 167 2426 bis
184 2361 321 2427 habenda
337 2368 394 2439 est,
420 2346 621 2448 quo'saepiua
644 2362 681 2428 ab
703 2364 757 2428 illc
779 2362 996 2450 interpretandi
1012 2362 1139 2440 ratione,
1165 2381 1255 2444 quam

124 2479 210 2543 unice
233 2500 265 2542 se
288 2480 374 2562 sequi
397 2479 557 2563 profitetur
577 2477 750 2563 Theologus
771 2477 1008 2553 Haaooeronus,
1034 2477 1170 2540 diversus
1192 2473 1257 2538 abit

124 2595 184 2679 ipse
207 2615 243 2658 ac
266 2593 420 2658 dissentit.
467 2594 546 2659 Cum
576 2595 753 2679 praesertim
775 2593 853 2658 hanc
875 2615 944 2658 eum
958 2594 1110 2658 rationem
1134 2590 1254 2676 oblique

125 2708 257 2792 quidem,
284 2730 341 2772 nee
362 2707 488 2772 obscure
510 2715 609 2772 tamen
624 2709 763 2794 tetigisse
786 2714 916 2790 constet,
933 2708 986 2772 nbi
1002 2705 1108 2772 acerbe
1123 2707 1255 2790 aliquan·

126 2822 161 2887 do
183 2823 223 2886 de
245 2822 354 2888 borum
377 2823 494 2888 dierum
517 2821 756 2906 conquerebatur
782 2825 892 2888 noautd
919 2822 1102 2907 orropantid
1127 2819 1257 2905 pbilolo·

102 2963 105 2968 ·
125 2939 190 3022 ,aaa
201 2936 267 3023 (3).
283 2975 327 2986 -
337 2936 500 3022 Postquam
515 2935 666 3020 Meyeri
681 2936 821 3000 laudandi
839 2937 914 3001 tales
931 2937 1066 3020 tantique
1081 2934 1151 2997 Viri
1162 2932 1256 2998 veluti

125 3052 246 3138 signum
269 3052 459 3128 extulerant,
493 3051 566 3135 quid
589 3051 716 3130 mirum,
748 3052 774 3114 si
804 3046 916 3116 multae
939 3072 973 3114 ao
995 3050 1167 3133 frequentes
1193 3047 1258 3130 ejus

126 3168 230 3231 merita
251 3165 487 3250 praedicantium
510 3187 600 3230 voces
622 3167 731 3250 passim
754 3166 873 3230 auditae
888 3165 983 3231 sunt?
1018 3162 1123 3228 Veluti
1144 3162 1259 3226 Censor

97 3300 99 3305 ’
126 3279 232 3365 aliquis
254 3280 478 3358 Riihrianus,
503 3279 541 3343 de
567 3281 632 3363 ejus
655 3282 787 3344 referens
809 3281 841 3343 in
864 3280 1018 3364 epistolam
1042 3278 1078 3342 ad
1101 3277 1257 3342 Romanos

126 3394 354 3469 commentario,
389 3395 633 3478 praestantiorem
656 3396 747 3458 etiam
770 3393 852 3458 bunc
875 3414 938 3456 esse
965 3392 1135 3466 contendit,
1167 3410 1255 3473 quam

127 3528 208 3583 eum,
233 3508 370 3592 quamvis
396 3506 621 3591 praestabilem,
653 3529 713 3590 quo
743 3480 918 3591 annpelia
949 3508 1108 3571 orntsset(
1136 3502 1254 3576 »Ita‚’'

126 3691 267 3701 ¹——

158 3808 195 3871 (1)
213 3807 256 3859 Sic
275 3809 327 3858 fere
345 3806 375 3858 O.
395 3810 423 3858 F.
441 3809 474 3859 A.
490 3809 634 3870 Fritzscbe,
654 3814 692 3860 in:
714 3811 780 3877 adp.
799 3809 889 3872 (Hali.)
908 3808 955 3858 Lo.
974 3807 1093 3872 Zeitanq,
1116 3810 1189 3866 1837,
1208 3806 1256 3855 N0.

131 3901 174 3948 l24
193 3907 219 3949 et
236 3904 293 3948 126.
1109 3897 1117 3912 ’

158 3991 192 4054 (tl
210 3992 270 4042 Vid.
288 3993 332 4041 De
350 3991 471 4053 Wctte,
491 3993 573 4044 Kurra
596 3995 669 4045 Erlel.
688 3997 730 4046 dar
751 3996 797 4045 Br.
820 4012 850 4044 on
870 3995 907 4044 die
926 3993 1067 4054 Certatim
1090 3992 1157 4058 Lips.
1179 3999 1252 4052 1841,

129 4082 217 4135 iterum
232 4084 317 4134 ibidem
336 4092 407 4136 1845.

158 4176 192 4239 (81
211 4176 298 4228 Germ.
314 4177 478 4244 plilolopiaele
498 4178 692 4232 Kleiumeisterer'.
726 4181 787 4232 Vid.
806 4182 928 4247 praefatio
953 4187 1088 4232 comment.
1105 4176 1255 4229 De·Wct·

130 4269 205 4320 tiaui
222 4271 250 4320 in
262 4286 304 4335 ep.
324 4272 359 4320 od
376 4271 444 4322 Rom.
465 4287 497 4322 ex
515 4274 554 4322 cd.
573 4275 656 4338 prlrnb
672 4292 696 4325 a.
718 4279 791 4325 1835.
828 4273 912 4334 Haec,
937 4289 1001 4338 quac
1018 4275 1123 4325 alterius
1139 4273 1256 4322 editionis

130 4360 161 4420 (a.
181 4362 257 4426 1888)
275 4365 430 4428 praefatione
447 4367 589 4430 repetierat,
608 4381 693 4416 severe
712 4367 872 4432 reprehendit
891 4365 988 4417 Censor
1005 4367 1044 4415 in:
1069 4363 1134 4429 Allp.
1161 4363 1253 4430 (Han.)

131 4446 174 4502 Lir.
188 4434 301 4522 Zeitanq,
316 4455 381 4522 Ery.
400 4456 443 4507 Bt.
461 4463 534 4519 1838,
554 4459 603 4510 N0.
623 4465 664 4508 28.

1078 4551 1121 4614 411·
