2782 4958
555 340 597 383 on
620 339 797 386 auornonns.
1199 325 1240 403 ll

125 501 377 589 communicent,
403 503 460 603 qui
484 503 548 579 dici
570 520 825 598 consueverant,
859 507 1044 583 Horresco.
1096 510 1246 598 Quorum

122 649 214 724 quam
244 625 368 700 multae
387 626 623 726 disputationes
646 645 795 722 exstant,
820 656 906 730 quae
931 657 998 714 non
1013 633 1138 731 mipore
1158 649 1247 711 certe

120 749 264 821 acumine
285 774 324 821 ac
345 749 476 823 solertia
501 753 683 850 Euangelii·
702 753 903 835 divinitatem
928 754 970 831 ad
994 755 1163 833 hominurn
1191 758 1244 833 in·

113 871 252 978 genium.
267 896 467 971 sensumque
489 873 651 973 rehugere
669 876 824 983 studeant
847 875 914 978 (lli

158 1242 224 1317 Sed
248 1243 360 1317 Medid
377 1243 520 1344 quddam
541 1244 622 1333 seio,
644 1257 679 1325 et
697 1243 742 1317 ah
761 1243 879 1319 borum
905 1257 940 1319 et
955 1244 998 1317 ah
1022 1245 1153 1321 illorum
1174 1271 1248 1322 caa-

112 1365 169 1439 tris
192 1366 321 1466 aequali
346 1368 416 1443 sere
440 1368 546 1467 spatio
575 1367 755 1465 disjuncte,
790 1367 948 1445 moderati
983 1370 1181 1471 nou'pauci
1194 1424 1196 1431 -
1209 1394 1247 1447 se

111 1489 280 1565 continent
296 1516 336 1564 oo
360 1490 543 1569 consulunt
563 1480 698 1567 nostrae
721 1491 911 1591 disciplinae
935 1491 1095 1586 cultores,
1116 1493 1245 1592 pacifici

111 1611 175 1699 illi,
200 1613 394 1710 prudentes,
418 1614 482 1689 sibi
494 1641 565 1691 voon
586 1614 681 1691 nimis
699 1617 877 1714 placentes.
936 1615 1060 1702 Quales
1079 1617 1169 1716 apud
1187 1644 1248 1693 nos

62 1760 65 1768 ·
110 1735 221 1833 plures
243 1762 282 1809 ac
306 1737 545 1836 frequentiores
569 1737 728 1828 inueniri„
748 1738 943 1838 quam-alibi
963 1751 1139 1829 terrarum,
1160 1741 1243 1823 exis:

110 1858 197 1933 timo.
227 1934 232 1939 ,
249 1862 319 1948 Μὴ
341 1859 584 1956 ὑπερφρονεῖν
608 1860 740 1958 παρ’,ὃ
759 1860 822 1936 δεῖ
841 1874 1010 1959 φρονεῖν,
1031 1863 1127 1939 dua
1147 1889 1241 1960 φρο-

107 1992 189 2058 νεῖν
208 1979 265 2064 εἰς
284 1982 331 2059 τὸ
349 1995 559 2080 σωφρονεῖν
577 1982 639 2080 (2).
674 1984 765 2056 Εοοο
780 1980 894 2055 Paulli
905 1997 1133 2081 praeceptum,
1151 1982 1242 2082 quod

107 2105 229 2179 nemini
255 2104 376 2203 magia,
410 2083 526 2205 quam*
542 2105 709 2203 Theohpo,
737 2130 838 2204 quam
867 2104 947 2192 sibi,
982 2098 1140 2203 scriptum
1169 2128 1242 2181 esse

106 2227 216 2301 sciunt
236 2227 520 2328 acprofitentun-
551 2228 611 2305 Cui
636 2227 787 2326 Apostoli
809 2227 880 2303 voci
903 2225 1159 2325 sapientissimae
1181 2225 1240 2299 ob·

106 2364 292 2449 temperare
309 2351 439 2441 <aonam
466 2351 577 2427 multis
599 2350 759 2424 derebus
783 2351 935 2447 ἐπέχειν
957 2349 1238 2447 malunt,·quam,

104 2474 268 2572 Apollinis
291 2475 393 2550 veluti
413 2474 455 2549 de
471 2475 613 2576 tripode,
639 2473 842 2548 confidenter
857 2472 1077 2572 pronuntiare.
1120 2470 1239 2551 Nullae

104 2597 190 2672 enim
216 2597 425 2697 quaestiones
451 2624 528 2675 cum
549 2597 746 2675 difficiliores
774 2598 858 2686 sint,
882 2622 944 2671 nee
971 2594 1073 2694 magis
1096 2593 1237 2681 arduum

104 2749 254 2764 m

143 2844 193 2919 (1)
215 2846 307 2902 Unam
330 2847 501 2922 alteramque
525 2848 580 2905 hoc
597 2848 727 2925 deinceps
746 2849 808 2905 loeo
827 2848 1065 2924 comparationem
1082 2847 1236 2922 adscripse-

102 2963 162 3001 ram
181 2946 313 3020 typisque
332 2948 468 3003 edendam
484 2948 544 3020 jam
563 2966 737 3022 paraveram,
758 2966 830 3023 qaas
849 2965 910 3003 cum
932 2948 1165 3025 Poleaologorum,
1177 2953 1237 3003 tum

101 3044 278 3120 Neclegorrcm
296 3044 437 3101 contraria
454 3047 547 3102 studia
565 3045 731 3102 luculentius
751 3046 898 3120 pingerent
918 3053 946 3103 et
965 3053 1030 3102 anto
1042 3045 1176 3102 lectorum
1189 3061 1236 3100 ve·

101 3143 155 3200 luti
174 3144 270 3200 oculos
288 3130 481 3202 informarent
509 3145 625 3217 Varum,
646 3154 711 3219 post
728 3146 797 3202 haec
809 3147 869 3219 jam
885 3146 998 3219 scripta,
1019 3162 1053 3202 eo
1071 3145 1151 3200 nobis
1164 3151 1236 3200 tem·

100 3261 173 3316 pora
191 3244 359 3315 inciderunt,
380 3261 452 3317 quae
470 3251 500 3300 et
517 3244 560 3300 his
579 3244 683 3300 stillis
702 3250 731 3300 et
749 3244 831 3300 noble
852 3246 980 3301 omnibus
1007 3242 1105 3300 servile
1134 3242 1236 3298 Hine

100 3343 244 3414 archien
265 3344 366 3417 jugum
393 3345 537 3421 imponere
558 3345 731 3401 minitentur.
760 3343 845 3398 Nune
863 3343 951 3415 igitur
969 3362 1013 3412 oa,
1034 3360 1118 3416 quse,
1136 3360 1235 3417 quamn,

99 3442 145 3499 via
164 3461 242 3514 vera,
262 3435 403 3500 nonnullis
423 3444 637 3501 acrioravvideri
656 3449 781 3516 possent,
802 3441 895 3496 delere
913 3441 1008 3508 malui,
1025 3459 1117 3513 quam,
1135 3441 1235 3513 horum

99 3541 248 3599 illorumve
272 3561 334 3599 cum
359 3543 529 3614 offensione,
556 3544 685 3599 retinere.
726 3541 865 3609 Quocirca
894 3540 957 3594 huic
986 3537 1129 3612 Epistolae
1158 3537 1232 3619 parti

98 3636 175 3698 hanc
191 3620 296 3715 potiris,
316 3660 388 3715 qnae
407 3659 486 3698 meae
505 3642 616 3716 quidem
637 3641 791 3697 sententiae
809 3656 942 3696 summam
961 3637 1105 3704 continet,
1126 3637 1234 3692 clausu-²

97 3743 155 3797 lam
183 3742 306 3815 impono.
344 3744 379 3798 In
406 3743 468 3798 illis
490 3759 574 3798 sanae
599 3742 741 3797 doctrinae
762 3740 960 3812 euangelistae,
980 3738 1008 3793 in
1034 3736 1236 3791 tirunensis

100 3840 275 3910 Christianae
293 3844 414 3899 tuendae
433 3842 555 3898 studium
573 3841 666 3897 laudo.
697 3840 753 3896 Sed
771 3840 907 3911 utrisque,
929 3839 1005 3910 quod
1024 3836 1148 3891 mihimet
1161 3835 1230 3907 ipse,

98 3956 255 4013 apprecor,
276 3949 323 4010 ut,
352 3948 458 3998 montes
484 3939 640 3997 illustrante
668 3939 722 3997 Dei
741 3938 863 4010 Spiritu,
885 3936 924 3992 sic
943 3936 1126 3999 orthodoxiae
1150 3934 1232 3990 liher-

98 4040 222 4114 tatisque
250 4024 374 4101 'amorem
401 4041 570 4113 conjungere
590 4039 698 4094 discant
717 4056 750 4093 ac
768 4037 909 4110 copulare,
931 4043 971 4104 ut,
993 4035 1146 4090 animorum
1167 4052 1231 4088 eon-

98 4139 195 4194 cordia
218 4138 368 4208 firmiores,
396 4140 429 4195 iis
453 4138 582 4197 resistere
607 4136 759 4212 possimus,
788 4136 835 4210 qui
862 4152 947 4209 purae
967 4134 1070 4190 Christi
1089 4133 1231 4189 doctrinae

96 4239 242 4294 hominum
261 4248 417 4295 commenta
434 4240 606 4296 substituunt
624 4236 842 4314 attraditienaa,
863 4243 947 4310 atque
960 4252 995 4291 ex
1009 4234 1111 4288 classi
1126 4231 1231 4286 libertis
1326 4296 1328 4301 p

98 4339 257 4393 moralium
275 4358 365 4393 amcos
382 4357 434 4394 nos
453 4339 569 4395 reddere
588 4344 724 4395 conantur
744 4336 854 4391 omneal

139 4439 187 4511 (a)
207 4440 280 4493 noa,
298 4437 374 4495 xn:
397 4445 424 4493 a.
