2782 4958
126 325 167 386 911
627 341 782 386 uranonuu

126 533 253 593 rumque
273 510 401 574 cultores
420 509 575 574 satiricum
594 512 721 594 agitaret
741 509 904 582 flabellum.
929 511 982 594 qui
1001 512 1034 575 in
1052 532 1252 598 quamcunque

125 633 239 711 partem
258 624 377 690 volebat
394 624 506 709 stylum
523 632 695 690 convertere
710 632 839 711 poterat,
863 627 1002 711 princeps
1029 627 1079 691 hic
1096 630 1197 694 Poeta.
1215 668 1250 680 -

126 744 234 805 Verum
262 741 344 805 aliud
374 747 439 820 est,
472 742 552 824 quod
578 741 627 804 hle
649 743 884 826 praetermittere
906 763 968 805 non
990 741 1075 806 licet.
1125 744 1157 805 ln
1179 742 1251 806 omni

125 854 191 932 illu,
216 876 291 938 quae
314 855 436 940 ligatam
455 857 622 920 orationem
646 854 692 919 vel
710 855 843 919 illustrat
857 855 904 919 vel
923 863 1022 930 ornat,
1043 855 1251 941 elegantiarum

125 969 298 1051 quarumvis
326 967 512 1052 supellectile
543 969 711 1034 adhibendis
740 991 869 1053 suosque
897 971 929 1033 in
959 991 1033 1034 usus
1059 970 1252 1035 moverunt

126 1104 282 1165 nunquam
309 1082 482 1146 exhaustam
510 1084 627 1169 ingenii
647 1085 709 1148 vim
735 1085 917 1169 creatricem,
940 1084 1121 1166 ubertatem,
1147 1087 1251 1170 copiam

126 1196 273 1281 Propheta
292 1197 484 1261 demonstrat.
511 1199 612 1281 Neque
631 1200 712 1262 enim
729 1197 827 1262 ullum
846 1199 1006 1283 cogitando
1020 1201 1159 1263 invenire
1177 1207 1251 1284 pote·

125 1311 167 1374 ris
189 1316 242 1375 aut
262 1309 425 1376 Rhetorum
445 1335 483 1376 ex
503 1310 589 1376 libris
606 1313 639 1376 in
661 1315 833 1377 memoriam
853 1313 911 1376 tibi
933 1335 1075 1378 revocare
1096 1315 1250 1400 imaginum

125 1445 221 1509 genus
244 1446 277 1488 ae
300 1426 568 1508 comparationum,
587 1425 702 1490 nullam
721 1433 877 1512 troporum
898 1449 932 1492 ac
952 1430 1120 1513 figurarum
1139 1429 1249 1494 forman

127 1560 160 1601 ac
182 1541 419 1620 conversionem,
443 1541 530 1624 cujus
552 1563 614 1604 non
637 1542 716 1625 apud
738 1564 834 1605 unum
859 1542 940 1606 hunc
962 1545 1100 1608 Jeaaum
1122 1544 1248 1630 pulcher-

128 1657 203 1718 rima
226 1658 333 1740 passim
357 1678 392 1719 ac
415 1655 652 1720 luculentissima
675 1664 793 1722 exstent
816 1658 961 1742 exempla.

173 1770 351 1834 »Enimvero
373 1769 463 1850 hoc,'’
489 1772 532 1834 sic
555 1770 630 1835 mihi
653 1772 776 1836 forsitan
800 1779 935 1837 occurret
958 1773 1079 1855 aliquis,
1106 1773 1246 1856 »quamuis

126 1882 245 1967 insigne
268 1883 309 1946 sit
330 1883 366 1946 ad
390 1882 508 1946 laudern
529 1888 618 1967 atque
644 1883 779 1960 illustre,
805 1907 873 1949 cunr
898 1885 1013 1949 eliisei
1037 1908 1195 1950 commune
1214 1891 1246 1949 et

127 1998 229 2083 magni
253 1998 383 2062 nominis
403 1998 537 2062 Poetis.'’
566 2000 626 2062 Nec
645 1999 799 2062 intercedo
819 2000 978 2082 equidem;
1002 1996 1182 2084 quamquam
1199 2022 1245 2085 quo

128 2112 343 2175 consideratius
365 2112 494 2195 optimos
518 2132 653 2194 quosque
675 2117 788 2176 veteres
810 2110 918 2198 legeris
937 2134 971 2176 ae
989 2115 1170 2178 recentiores
1189 2117 1245 2178 Poe·

127 2231 185 2307 tas,
215 2249 250 2290 eo
273 2226 418 2290 libentius
440 2228 479 2289 Te
502 2224 577 2290 mihi
600 2247 785 2289 assensurum
809 2227 940 2306 confido,
965 2229 1159 2311 paucissimos
1179 2228 1246 2292 onrni

126 2345 259 2425 tempore
281 2340 383 2416 fuisse,
408 2340 473 2423 qui,
499 2340 532 2403 in
554 2338 768 2424 elegantiarum
791 2340 847 2404 htc
867 2341 1023 2426 palaestrt,
1048 2343 1087 2406 de
1103 2345 1204 2428 copiae
1220 2363 1245 2404 rc

127 2456 277 2519 varietatis
296 2453 395 2538 palmt
414 2476 483 2517 cum
499 2453 553 2518 illo
577 2455 757 2518 contendere
777 2461 905 2539 possent.
923 2494 963 2504 -
977 2459 1085 2521 Verum
1102 2458 1244 2522 verborum

128 2576 159 2634 et
188 2571 420 2649 sententiarum,
450 2568 561 2653 quibus
583 2568 747 2653 Prophetae
777 2592 873 2634 sermo
901 2571 1113 2656 distinguitur,
1147 2573 1246 2637 lumina

127 2684 224 2749 multo
248 2685 336 2748 etiarn
360 2683 454 2768 magis
476 2682 619 2767 prudenti
643 2705 688 2746 me
710 2685 834 2768 capiunt
856 2691 984 2768 aptoque
1006 2688 1141 2761 delectu,
1170 2707 1245 2771 quan

127 2799 217 2878 copied
235 2805 265 2861 et
287 2796 494 2862 multitudine.
532 2797 668 2881 Plerique
690 2798 771 2861 enim
794 2797 956 2863 Orientales
977 2799 1009 2861 in
1032 2800 1131 2883 iisque
1156 2799 1247 2866 Arabes

128 2913 315 2998 potissimum
339 2916 457 2988 Poetae,
482 2935 533 2976 eos
554 2914 579 2975 si
607 2913 706 2977 denuo
729 2933 897 2996 comparare
920 2912 1001 2986 lieet,
1027 2913 1066 2976 iis
1088 2914 1245 2988 afferendis,

127 3048 202 3110 quae
225 3027 300 3103 dixi,
328 3025 494 3090 luminibus
517 3028 559 3090 ita
582 3049 643 3090 non
665 3048 732 3090 raro
754 3025 911 3090 luxuriant
932 3032 1021 3110 atque
1041 3029 1169 3113 ingenio
1192 3027 1249 3092 abu·

127 3145 247 3216 tuntur,
278 3145 314 3204 ut
336 3139 431 3204 multa
453 3161 556 3204 eornm
580 3140 722 3221 carmina,
747 3141 863 3203 tametsi
885 3141 947 3203 suis
969 3161 1031 3204 non
1061 3141 1250 3207 defraudanda

127 3255 188 3319 sint
210 3254 367 3333 laudibus,
393 3253 473 3318 haud
501 3253 616 3336 injuriat
641 3255 868 3337 margaritarum
896 3278 955 3319 ooo
981 3257 1052 3318 bene
1068 3258 1191 3340 junctis
1210 3275 1252 3320 uer

126 3371 263 3434 connecte
293 3388 461 3453 comparare
491 3370 585 3451 possis
616 3369 739 3432 catenis.
789 3371 899 3453 Tropos
924 3391 1010 3454 saepe
1038 3371 1210 3456 figurasque
1229 3376 1254 3436 at

127 3483 361 3567 comparationes
384 3482 486 3546 eodeni
510 3481 577 3544 loco
600 3481 757 3545 cumulant
779 3503 813 3546 ac
836 3490 1011 3548 coacervant
1035 3485 1255 3552 diversissima

127 3597 258 3672 Quarum
281 3596 317 3660 ab
340 3600 403 3661 unat
425 3596 462 3661 ad
484 3596 605 3660 alteram
628 3603 688 3661 tam
712 3598 814 3682 rapido
837 3620 924 3685 saepe
949 3600 1024 3684 pede
1052 3603 1255 3682 transsiliunt,

130 3718 166 3776 ut
188 3713 290 3796 plures
311 3713 432 3796 quidem
452 3711 571 3776 lectoris
592 3712 726 3776 animum
744 3712 929 3778 transvolent
945 3716 1104 3800 imagines,
1130 3739 1190 3782 nec
1208 3716 1259 3782 ulla

128 3833 228 3890 tamen
248 3826 292 3889 ibi
311 3826 412 3910 paullo
431 3826 522 3890 altius
545 3825 662 3890 haereat
681 3828 785 3891 infixa.
812 3830 920 3892 Verum
938 3853 954 3892 a
974 3830 1142 3896 desultoria
1162 3833 1259 3897 horum

128 3939 249 4003 levitate
269 3962 358 4023 quarn
383 3942 471 4025 longe
499 3943 593 4004 nostri
621 3940 712 4025 hujus
736 3943 900 4027 Prophetae
920 3943 1063 4008 sobrietas
1085 3946 1211 4012 dissidet
1232 3965 1259 4008 ac

128 4054 301 4138 prudentia!
341 4054 427 4138 Apud
451 4053 532 4117 hunc
551 4054 684 4137 quidem,
705 4055 799 4118 fateor
820 4057 913 4132 enim,
937 4079 997 4120 non
1018 4056 1119 4121 nullas
1142 4058 1259 4124 subinde

128 4168 362 4251 comparationes
386 4167 566 4231 offendimus
587 4176 675 4250 atque
693 4169 858 4253 imagines,
886 4191 988 4234 eorum
1013 4174 1130 4257 magis,
1158 4174 1258 4258 quibus

128 4281 267 4358 vivebat,
296 4288 465 4366 temporum
492 4280 703 4364 locorumque,
729 4304 818 4365 quam
838 4290 960 4365 nostro,
986 4285 1085 4369 pulcri
1108 4289 1210 4351 sensui
1230 4306 1258 4348 ac

126 4397 242 4480 judicio
266 4400 483 4480 attemperatas.
530 4397 635 4460 Verum
659 4398 774 4481 ingenii
800 4398 917 4462 volatus
939 4399 987 4464 vel
1017 4399 1178 4464 altissimos
1197 4421 1256 4487 per·
