2782 4958
540 378 581 420 nn
603 370 801 420 nornnnnsro.
1195 353 1237 417 35

129 546 226 635 lorum,
243 570 343 645 quam
362 555 628 643 argumentorum
651 544 807 617 variet-ate
820 568 843 615 a
861 544 1046 617 seinvicem
1064 542 1233 642 sejunctis)

129 683 227 759 totum,
250 670 395 768 inquam,
418 669 519 742 hocce
538 695 622 768 opus
641 669 682 741 ad
704 667 889 757 excitanda,
910 668 969 740 nisi
987 666 1073 756 alibi,
1095 680 1129 739 at
1146 666 1236 764 apud

128 792 339 881 Nederlandos,
362 792 442 865 haec
462 791 570 865 studia
585 806 620 864 et
642 789 846 863 incendenda
862 805 894 863 et
921 787 1131 889 propaganda
1145 787 1234 861 dictu

128 915 296 989 incredibile
318 932 368 989 est
393 925 548 1014 quantam
574 916 638 987 vim
667 915 819 987 habuerit
844 930 877 988 et
898 915 1114 988 efficientiam.
1167 913 1236 985 Nec

127 1042 205 1136 pauci
226 1040 313 1113 enim
335 1038 404 1112 Viri
433 1037 537 1127 docti,
570 1039 669 1135 hujus
693 1037 770 1111 editi
798 1039 927 1137 sibique
955 1037 996 1110 ad
1026 1035 1234 1109 scribendum

126 1164 210 1258 aperti
237 1165 437 1236 Promtuuru'
461 1162 709 1261 opportunitate
738 1162 876 1235 solerter
901 1161 967 1250 usi,
999 1160 1067 1233 suis
1095 1159 1236 1258 quisque

126 1286 264 1380 symbolis
281 1286 360 1359 illud
384 1289 557 1376 ornarunt,
582 1286 672 1358 vario
692 1287 823 1359 nomine
839 1284 1132 1385 praestantissimis,
1154 1306 1238 1382 qua-

125 1428 185 1479 rum
203 1409 383 1509 plerisque,
410 1434 474 1482 non
495 1409 582 1482 edite
603 1432 663 1481 neo
685 1421 816 1506 patente
837 1396 950 1483 eodem
973 1408 1075 1482 hoece
1095 1398 1230 1493 Hormo,

126 1550 274 1631 nunquam
310 1556 402 1605 sacra
437 1533 550 1605 luisset
584 1533 782 1631 locupletata
819 1533 999 1632 disciplina.
1050 1532 1115 1604 Alii
1149 1556 1237 1604 nuno

127 1646 255 1745 demum,
281 1656 336 1745 im,
357 1676 440 1755 quas
464 1657 518 1728 hlc
536 1656 680 1755 proditas
698 1656 866 1748 ridebant,
889 1658 940 1730 vel
963 1655 1238 1730 admonitionibus

126 1777 164 1851 tel
180 1781 334 1880 exemplis
360 1781 401 1854 de
425 1783 634 1881 antiquorum
660 1782 949 1854 llouunrentorum
984 1779 1089 1853 edocti
1115 1779 1236 1878 pretio,

124 1901 247 1976 minores
284 1905 379 1977 etiam
404 1905 505 2002 hujus
537 1905 664 2002 generis
692 1903 844 1976 Soidulas
869 1917 902 1977 et
928 1902 1118 1991 Chartulas,
1154 1918 1237 2000 quas

122 2038 202 2100 antea
227 2026 454 2123 neglexerant,
486 2028 535 2101 vel
570 2028 755 2101 accuratius
779 2048 946 2101 asservare
974 2025 1159 2099 didicerunt
1185 2023 1238 2097 vel

117 2147 294 2248 diligentius
313 2150 492 2224 consulere.
531 2152 594 2223 Alii
613 2153 700 2252 iique
721 2152 828 2241 multi,
849 2151 1000 2250 pluribus
1023 2150 1124 2238 lectis,
1151 2172 1237 2247 quae

111 2273 225 2372 passim
243 2273 297 2346 hlc
313 2288 455 2360 exstant,
480 2275 531 2348 vel
549 2301 657 2348 rerum
678 2275 1004 2349 commentationibus
1018 2274 1068 2347 vel
1082 2273 1235 2348 Virorum
1349 2342 1351 2346 .

113 2389 200 2485 l'itis,
222 2395 311 2468 haud
333 2401 446 2494 paucis
462 2397 503 2469 de
519 2397 620 2470 rebus
643 2398 896 2498 hominibusque
920 2398 1038 2485 verius,
1063 2418 1161 2495 quam
1180 2393 1236 2466 ad-

107 2517 173 2592 huo
203 2519 361 2608 feceruut,
386 2533 484 2619 atque
512 2498 670 2618 integrius
695 2520 842 2618 judicare
870 2521 1072 2620 inceperunt.
1124 2521 1236 2605 Quum

105 2645 297 2743 praesertim
319 2643 492 2717 Editorum
514 2670 552 2718 ea
579 2644 755 2718 liberalitas
776 2657 864 2718 esset
890 2657 989 2743 atque
1011 2641 1177 2742 aequitas,
1199 2652 1237 2712 ut

105 2767 208 2841 neiis
227 2767 360 2867 quidem
383 2769 492 2841 locum
524 2768 722 2866 denegarent
747 2766 1037 2867 disputationibus,
1065 2791 1085 2838 a
1116 2764 1238 2866 quibus

105 2890 201 2964 valde
223 2918 259 2964 se
282 2890 451 2964 dissentire
476 2904 587 2989 aperte
613 2890 862 2990 profiterentur,
889 2905 922 2965 et
944 2916 1027 2991 quas
1051 2889 1238 2963 humaniter

106 3015 167 3088 sibi
195 3014 388 3088 refellendas
413 3027 576 3113 putarent.

153 3138 217 3214 Vel
238 3162 297 3238 per
318 3140 418 3211 solam
443 3139 542 3236 igitur
563 3139 663 3236 hujus
688 3137 861 3211 editionem
880 3137 1013 3210 Arcltiui
1033 3138 1093 3209 sud
1112 3136 1153 3208 de
1174 3133 1238 3206 dis-

109 3247 227 3362 ciplina
249 3261 380 3360 egregie
407 3262 598 3334 meriturum
627 3262 727 3335 luisse
748 3275 927 3361 utrumque
952 3259 1149 3332 Historicum
1177 3282 1238 3354 ap-

107 3401 215 3484 paret,
241 3385 392 3486 quamvis
418 3398 535 3458 neuter
556 3385 657 3458 ullum
688 3387 742 3458 lnlc
768 3385 936 3460 extulisset
957 3384 1008 3456 sui
1027 3384 1097 3481 ipse
1117 3379 1236 3477 ingenii

109 3504 261 3584 fructum.
314 3510 434 3582 Verum
471 3508 566 3607 longe
598 3509 691 3582 aliter
726 3534 797 3582 sese
826 3528 893 3580 rem
932 3507 1054 3578 habere
1087 3504 1237 3576 norimus

108 3652 229 3706 omues.
280 3626 397 3704 Totum
418 3632 504 3704 euim
527 3658 624 3731 opus,
647 3645 802 3731 tanquam
827 3631 1025 3727 πρόσωπον
1044 3626 1236 3724 τηλαυγές,

105 3746 360 3861 lloyaardsii‚
380 3754 421 3828 de
443 3781 509 3854 quo
529 3752 599 3828 solo
615 3755 669 3828 blc
692 3773 789 3853 porro
807 3753 901 3826 nobis
918 3753 1027 3826 dicere
1048 3751 1134 3839 licet,
1162 3748 1236 3848 pal-

105 3881 204 3955 maris
218 3882 321 3980 aperit
339 3895 499 3980 ornetque
516 3880 692 3979 disputatio
706 3880 743 3951 de
754 3879 975 3976 progressibus,
988 3903 1062 3976 quos
1074 3875 1237 3947 Historiae

105 4006 216 4097 feeerit
238 4005 363 4102 ejusque
388 4005 574 4103 siugulatim
599 3998 839 4078 Ecclesiasticoe
859 4003 1005 4075 studium.
1039 3995 1135 4075 Unde
1150 4001 1240 4070 Auo»

105 4129 187 4203 toris
207 4127 251 4201 de
275 4128 436 4202 Historiae
458 4147 559 4228 quum
587 4128 677 4214 latis,
710 4140 779 4199 tum
804 4146 939 4198 munere
960 4137 992 4197 et
1019 4123 1127 4196 officio
1155 4122 1239 4194 bene

105 4251 344 4326 consideratam
367 4253 557 4349 cognovisse
582 4250 774 4333 senteutiam
801 4249 961 4323 neminem
984 4244 1172 4347 poenitebit.
1192 4286 1236 4295 -

105 4379 191 4450 Tum
222 4376 451 4451 admonitionis
476 4377 518 4450 ab
545 4377 683 4451 utilitate
717 4377 859 4453 notanda
888 4390 983 4464 sunt,
1008 4399 1093 4474 quae
1123 4369 1237 4458 eodem

105 4514 256 4599 tempore
280 4500 392 4576 docuit
418 4499 501 4576 idern
530 4500 568 4572 de
589 4500 716 4574 minutis
748 4528 777 4600 q.
803 4501 834 4573 d.
872 4499 1068 4574 Tractatibus
1101 4493 1239 4593 antiquis
1324 4582 1326 4588 Α

1076 4622 1127 4690 ger
