2782 4958
585 333 751 377 censensu.
1185 321 1225 381 23

98 498 160 560 sive
182 495 328 583 mythicon
346 496 409 582 (l).
455 497 523 562 Nec
546 498 679 582 ejusdem
696 505 797 565 tamen
816 521 920 565 omnes
935 503 1056 586 generis
1072 523 1128 566 nec
1144 503 1227 586 ejus·

98 612 164 677 dem
186 613 278 697 pretii
300 612 480 696 posteriores
503 611 558 676 hae
586 619 686 698 partes
715 613 868 678 habendae
898 621 981 680 sunt.
1029 614 1123 681 Alios
1144 618 1225 683 enim

96 747 132 790 ex
151 727 280 791 aliorum
306 727 503 810 scriptorum,
526 747 654 810 quorum
678 728 794 812 copiam
809 727 949 806 habebat,
972 731 1122 794 annotatis
1137 729 1226 796 duxit

96 838 235 924 Refhetoc
253 839 322 927 (2),·
353 842 434 907 olias
456 841 546 905 fando
567 847 746 928 propagatas
768 843 886 906 invenit
907 843 1119 928 reposuitque;
1146 843 1226 908 alios

95 955 207 1038 scripto
230 955 364 1031 cuidam,
382 955 462 1039 qnod
478 955 705 1040 Prophetarum
720 955 882 1040 Speculum
898 955 959 1020 dici
974 961 1085 1041 potest,
1104 962 1225 1041 accepta

95 1068 208 1132 retulit.
254 1069 399 1133 Aliorum
422 1069 543 1133 tandem
566 1089 604 1132 ex
632 1070 796 1153 posteriore
827 1090 939 1154 genere
962 1072 1093 1154 panium
1119 1077 1224 1136 auctor

94 1182 156 1273 ipse
178 1186 227 1246 est
248 1181 389 1269 Refhctoc
406 1182 471 1246 ille.
518 1183 570 1247 Sic
592 1183 674 1248 enim
697 1174 765 1248 eum
788 1188 876 1248 vocet
891 1181 1041 1266 Oritious,
1064 1187 1129 1269 qui,
1154 1208 1224 1272 pos·

91 1280 231 1390 teaqusm
253 1297 286 1359 in
310 1296 399 1361 rebus
422 1301 534 1382 gestis,
558 1319 631 1381 quas
656 1296 706 1373 hi,
730 1298 821 1362 sicuti
843 1318 925 1362 nunc
947 1303 1037 1375 sunt,
1067 1297 1138 1364 libri
1160 1305 1223 1365 tra·

93 1408 186 1487 dunt,
209 1410 382 1484 narrandis,
405 1411 574 1488 mutandis,
607 1410 837 1495 amplificandis,
870 1432 926 1496 pro
949 1432 1004 1476 suo
1025 1413 1154 1497 quisque
1175 1413 1224 1476 in·

89 1522 183 1607 genio
206 1543 242 1586 ac
263 1523 402 1600 consilio,
428 1524 516 1588 multi
535 1525 646 1588 versati
668 1523 886 1600 erant,'libros
902 1525 989 1602 illos,
1008 1524 1143 1610 undique
1164 1524 1224 1589 ool-

88 1633 151 1700 lita
175 1639 320 1715 materid,
334 1639 367 1701 in
386 1659 572 1736 eam,quam
595 1636 718 1717 habeut,
738 1638 865 1703 lormem
884 1637 1066 1722 redigendos
1089 1638 1221 1704 curarit.

132 1864 237 1947 Atque
259 1863 303 1926 ita
324 1862 432 1927 horum
454 1862 601 1927 librorum
625 1869 655 1928 et
678 1862 815 1948 partibus
837 1868 873 1930 et
892 1861 1026 1928 lontibus
1049 1861 1222 1946 descriptis,

87 1997 168 2060 quae
190 1977 322 2062 singulis
344 1978 418 2041 fides
441 1977 600 2044 tribuenda
622 1968 664 2044 sit
686 1999 720 2042 ac
742 1978 890 2042 veracites
910 1977 991 2041 idem
1014 1975 1139 2059 exponit
1153 1975 1223 2040 Cri·

87 2092 183 2155 ticus.
233 2089 297 2155 Ubi
320 2097 420 2156 tamen
443 2090 502 2156 sibi
525 2074 587 2159 non
611 2093 721 2176 optime
744 2091 1138 2166 consterevidetu130erte
1159 2109 1223 2154 non

89 2205 165 2268 sctis
188 2204 300 2268 diserte
323 2227 359 2268 ac
380 2206 536 2290 perspicue
558 2208 737 2270 sententiam
759 2185 908 2290 exponere
923 2205 990 2289 (3).
1027 2203 1119 2268 -Alia
1140 2204 1221 2267 enim

88 2320 134 2385 sio
156 2341 195 2385 ex
218 2318 388 2405 archetypis
418 2320 508 2385 dueta
531 2342 594 2387 esse
623 2319 826 2384 monumentis
847 2318 1016 2391 existimet,
1042 2321 1087 2414 nt
1103 2317 1222 2381 summd
1315 2394 1318 2399 .

87 2432 147 2496 fide
170 2433 263 2518 digna
286 2434 360 2497 sint.
407 2433 457 2499 Ab
480 2434 528 2497 his
554 2454 625 2498 vero
647 2433 712 2497 clio
735 2431 885 2516 disjungit
908 2451 942 2493 ec
965 2450 1076 2513 genere
1099 2428 1222 2495 differre
1307 2410 1314 2426 ⁹

89 2549 214 2624 statuit,
235 2568 328 2633 quae,
355 2568 394 2612 ex
423 2551 587 2613 traditione
612 2547 736 2624 hausta,
767 2545 887 2629 proprie
918 2549 1008 2627 etque
1035 2549 1172 2608 accurate
1191 2544 1220 2610 'si

88 2663 216 2737 dixeris,
238 2683 297 2731 non
322 2664 384 2726 sint
406 2662 558 2760 historico
610 2664 653 2726 ht
675 2661 783 2727 horum
806 2661 940 2744 ipsorum
962 2669 1084 2743 portem
1103 2679 1139 2724 ex
1163 2681 1221 2723 on-

87 2779 206 2855 aolclis,
233 2778 310 2859 quse
330 2776 446 2860 priores
469 2782 664 2842 exaraverunt
690 2775 990 2862 ignotisoriptores,
1022 2772 1219 2856 compositam

89 2907 149 2950 esse
172 2890 277 2970 putat,
294 2898 419 2971 portem
438 2909 475 2952 ex
498 2887 552 2952 illo
574 2889 762 2974 singulatim,
785 2910 874 2975 quem
898 2888 1126 2974 Prophetarum
1141 2886 1218 2972 Spe·

90 3000 185 3065 culum
213 3005 320 3081 vocat,
348 3000 437 3065 libro.
486 3001 548 3066 Ubi
580 3024 641 3067 non
664 3004 752 3068 video
782 3002 938 3087 equidem,
969 3002 1120 3088 quomodo
1142 3021 1219 3085 qnae

90 3116 197 3199 cupro
226 3115 410 3200 concipientis
444 3135 482 3178 ex
511 3114 668 3194 lontibus,
699 3115 958 3201 qualibuscunque
988 3118 1110 3179 demum
1139 3114 1220 3191 illis,

75 3223 193 3290 ‘hausta
218 3227 297 3306 sint,
320 3227 483 3292 traditioni
505 3226 608 3292 deberi
631 3228 782 3293 dicantur.
831 3227 964 3304 Verum,
989 3228 1070 3312 quod
1095 3228 1218 3313 gravius

91 3345 145 3416 est,
169 3339 243 3404 hsec
265 3341 330 3425 ipsa
352 3347 405 3409 eut
427 3362 531 3406 eorum
553 3340 644 3428 longe
658 3343 799 3428 pleraque
821 3342 967 3407 historico
991 3363 1056 3406 esse
1072 3342 1120 3408 rel
1136 3346 1218 3406 certe

90 3449 230 3518 historico
253 3455 311 3518 niti
333 3454 542 3534 fundamento,
562 3457 753 3539 postmodnm
773 3456 912 3520 affirmat.
962 3453 1049 3525 Quae
1065 3454 1217 3537 quomodo

90 3567 141 3633 sihi
163 3570 296 3635 invicem
321 3571 511 3636 consentiant
531 3571 583 3635 alii
607 3571 749 3639 viderint.
798 3568 861 3635 Ubi
877 3568 978 3654 legere
992 3568 1153 3651 inceperis,
1170 3574 1217 3633 est

88 3777 232 3788 ---———

117 3917 153 3982 (1)
170 3918 231 3983 Ipse
246 3920 348 3984 quidem
366 3935 431 3984 quse
447 3936 481 3973 ax
499 3920 623 3972 codicione
640 3920 762 3973 fluxerint
779 3934 795 3967 c
811 3916 916 3983 myrtinis
933 3917 1088 3980 distinguere
1106 3919 1213 3968 videtur.

89 4007 183 4063 Verum
200 4013 372 4065 distinctionis
387 4017 578 4067 cessationem
596 4015 656 4066 setis
672 4011 789 4075 intelligo
807 4024 855 4061 neo
873 4010 1075 4059 fundamentum.

120 4104 156 4167 (2)
175 4104 232 4169 Sic,
251 4107 385 4169 uitellos,
404 4108 466 4159 setis
481 4113 598 4157 accurate
616 4112 712 4156 vertere
729 4104 813 4153 licebit
830 4116 917 4151 vocem
936 4096 1123 4160 Germanicam,
1137 4116 1213 4165 qoam

88 4194 148 4247 benc
164 4200 197 4248 ad
214 4213 329 4249 caussam
345 4199 460 4249 adhibuit
476 4208 565 4250 auctor
573 4234 582 4260 ,
606 4196 765 4251 'Vercrbeilcn

119 4289 157 4354 (³)
172 4291 291 4342 Fortasse
315 4291 422 4343 nebulas
446 4292 488 4342 hic
504 4292 593 4342 lectori
610 4290 702 4342 numeri
717 4289 852 4340 offundunt
868 4284 1019 4339 arttmaeict.
1039 4287 1082 4348 qui
1098 4287 1214 4350 dispum-

89 4383 160 4436 tionis
170 4384 287 4450 partibus
297 4385 483 4450 distinguendis
495 4385 618 4436 inservire
631 4386 734 4443 dehent,
745 4384 789 4433 sed
800 4396 852 4432 non
864 4378 1051 4430 satisdistincte
1060 4379 1135 4441 positi
1143 4390 1214 4430 sunt.
