2782 4958
140 338 202 399 tlt
625 354 790 400 uaruicum

137 543 229 607 pauca
252 519 342 601 haec,
375 521 401 584 si
431 521 507 584 forte
537 523 673 606 ignores,
708 525 808 585 teneas
842 519 944 586 velim.
994 523 1137 597 Quamvis
1167 531 1264 612 magnt

137 637 258 700 floreret
275 635 455 700 eruditionis
472 635 563 710 lamb,
581 634 664 698 nulla
681 639 781 698 tamen
796 656 940 719 uuquam,
955 644 1106 721 quantum
1121 642 1263 723 novimus,

136 771 205 813 eum
224 747 283 812 sibi
300 747 453 812 vindicare
476 752 582 812 conata
604 753 649 812 est
672 745 811 811 cathedra
834 748 1011 815 academica.
1061 755 1163 818 Donec
1179 756 1263 830 enim,

135 885 197 927 non
217 864 271 927 diu
294 867 362 927 aute
382 867 520 943 mortem,
537 861 613 926 rude
636 861 796 926 donaretur
808 864 1004 948 grandaevus,
1025 867 1265 934 Koctzscteobro·

136 979 222 1042 (bani
248 978 281 1040 iu
306 997 385 1061 pago
414 998 505 1061 prope
534 976 676 1040 bresdam
702 997 853 1040 sacrorum
883 978 943 1042 fuit
975 981 1108 1044 antistes
1135 982 1265 1066 idemque

135 1091 282 1156 duacum
308 1092 386 1174 rapi
407 1115 427 1154 u
448 1092 584 1156 coaaita'c's
605 1091 870 1174 comiatoriulidcs,
895 1095 1107 1159 ecclesiasticis
1134 1119 1170 1160 uc
1194 1101 1266 1162 acla-

134 1207 262 1271 laatc'cia.
309 1206 435 1270 Biennio
458 1212 557 1270 autem
572 1211 603 1269 et
622 1206 702 1289 quod
721 1204 899 1271 excurrebat
922 1214 989 1291 post
1007 1207 1179 1273 absolutam
1195 1209 1264 1274 hauc

134 1325 223 1403 atque
246 1320 356 1385 editam
377 1323 506 1400 Clavem,
541 1321 572 1385 d.
598 1322 641 1385 30
665 1320 839 1385 Novembris
861 1343 890 1385 a.
913 1324 1013 1402 1855,
1047 1325 1130 1388 vitae
1161 1347 1265 1390 annum

135 1455 226 1520 agens
247 1434 480 1519 octuagesimum
501 1439 531 1498 et
554 1435 691 1515 tertium,
712 1433 775 1497 fato
796 1434 919 1499 functus
941 1439 986 1498 est
1010 1437 1072 1519 (l).

180 1546 324 1612 Ultimum
353 1548 450 1634 igitur
482 1548 562 1612 hunc
594 1547 681 1612 nobis
719 1545 853 1611 oblatum
889 1548 1024 1612 videmus
1055 1549 1136 1614 vitae
1172 1549 1266 1614 senilis

134 1659 280 1724 fructum.
340 1663 376 1724 Et
404 1661 471 1744 quis
499 1683 561 1724 uon
597 1662 683 1725 Senis
716 1661 892 1726 indefessam
929 1683 1047 1726 mecum
1073 1663 1266 1728 admirabitur

134 1774 328 1838 constantiam
351 1775 424 1858 qui,
454 1775 487 1838 id
508 1775 612 1839 aetatis
635 1796 738 1860 agens,
768 1781 837 1859 post
858 1780 905 1840 tot
930 1775 1083 1841 exanclata
1111 1799 1265 1843 munerum

66 1962 71 1970 θ
133 1889 267 1974 negotia,
291 1909 404 1953 novum
420 1888 524 1952 Bactri
541 1886 692 1952 scribendi
714 1909 840 1972 pensum
856 1890 979 1975 aggredi
995 1911 1029 1952 ac
1048 1892 1196 1974 perticere
1211 1913 1264 1956 non

134 2000 285 2067 dubitaret
299 2008 388 2086 atque
410 2002 487 2067 illud
502 2003 575 2066 adeo
597 2007 718 2067 strenue
738 2003 880 2087 perferret
901 2025 988 2079 onus,
1006 2005 1095 2088 cujus
1118 2004 1265 2071 molestiae

133 2137 166 2180 ac
189 2117 289 2181 taedio
319 2116 439 2181 nullum
466 2139 526 2181 uon
557 2117 781 2201 praeferendum
808 2139 868 2182 csse
894 2116 1025 2183 laborem
1060 2140 1191 2205 maguus
1218 2120 1264 2184 illc

131 2235 287 2313 putaverat
312 2230 385 2296 olim
411 2231 614 2317 Scaliger?

175 2347 271 2428 Atque
297 2347 334 2410 ad
360 2347 509 2430 ejusmodi
531 2344 618 2410 uobis
641 2346 806 2430 parandum
837 2346 1013 2430 Apocrypha
1038 2346 1160 2412 facilius
1183 2347 1264 2413 intel·

131 2460 246 2547 ligendi
274 2461 455 2545 subsidium,
487 2452 568 2545 qnod
594 2467 624 2526 et
650 2484 667 2525 a
694 2460 839 2526 breuitate
867 2461 1126 2525 commendaretur
1156 2467 1189 2527 et
1215 2462 1264 2526 hc·

131 2574 235 2638 diernt
261 2575 438 2640 Litterarum
461 2574 529 2639 luce
552 2573 759 2638 collustratum
776 2580 864 2655 esset,
886 2576 918 2638 in
941 2575 1043 2659 paucis
1057 2581 1163 2659 aptum
1178 2576 1265 2639 fuisse

130 2695 219 2772 atque
246 2689 389 2753 idoneum
412 2686 626 2764 Wablium‚
658 2689 866 2752 interamnae
892 2687 1053 2762 constabit,
1087 2689 1142 2772 qui
1170 2689 1267 2753 Cluuia

130 2803 215 2867 Noui
237 2804 428 2880 Testamenti,
456 2824 546 2886 quam
568 2800 651 2866 illius
674 2802 839 2867 industriae
867 2801 1008 2866 debemus
1031 2823 1065 2865 ac
1097 2803 1261 2881 doctrinae,

130 2937 206 2998 quae
235 2917 412 3000 praestantia
439 2916 479 2979 sit
507 2916 731 3001 perpenderint.
775 2916 867 3000 Cujus
889 2916 1011 2999 quidem
1041 2917 1140 3000 operis
1169 2917 1263 3002 priore

128 3034 257 3114 utrtque
283 3032 316 3094 in
336 3031 468 3096 editione
490 3052 551 3094 non
570 3029 654 3094 nulla
677 3036 773 3121 eraut,
793 3052 820 3096 e.
838 3051 868 3115 g.
892 3030 982 3093 nimis
997 3030 1105 3093 diffusa
1120 3031 1262 3113 quaedam

129 3146 272 3208 orationis
302 3139 516 3231 particularum
546 3146 697 3220 tractatio,
729 3166 805 3228 quae
835 3146 936 3208 minus
963 3147 1155 3210 commodum
1181 3147 1262 3211 illius

129 3280 217 3322 usum
236 3259 406 3323 redderent.
431 3262 490 3323 Nec
511 3256 567 3322 alia
588 3259 732 3343 quaedam
749 3257 985 3342 reprehendendi
1005 3259 1129 3323 materia
1147 3261 1262 3324 Criticis

128 3373 237 3437 deerat.
284 3375 342 3438 Sed
366 3372 583 3457 qualiacunque
609 3373 681 3437 haec
708 3374 782 3437 vitia
803 3395 838 3436 ac
863 3372 996 3436 desectus
1019 3373 1081 3456 jam
1112 3372 1150 3437 ab
1173 3375 1260 3437 initio

129 3507 236 3572 magna
259 3486 336 3550 bona
355 3485 586 3570 compensabant
605 3508 639 3550 ac
660 3487 798 3568 virtutes,
815 3484 998 3572 philologica
1022 3486 1173 3570 imprimis
1193 3488 1260 3553 dili·

127 3601 230 3684 gentia
252 3605 340 3683 atque
362 3601 511 3664 accuratio
536 3601 594 3687 (t).
643 3603 751 3665 Verum
779 3600 897 3665 tertiam
919 3621 989 3684 prae
1014 3602 1139 3665 caeteris
1164 3604 1260 3687 operis

130 3771 293 3780 w

161 3893 199 3954 (l)
216 3892 246 3941 L.
266 3893 414 3944 Pcltium
434 3895 473 3942 hic
491 3899 593 3943 secatus
612 3905 684 3948 sum,
705 3889 836 3939 relationis
854 3891 886 3939 dc
904 3888 1017 3951 hocipso
1035 3888 1100 3938 libro
1118 3891 1143 3938 iu
1163 3889 1256 3949 fronte,

125 3983 264 4033 Auctorem
282 3985 308 4034 iu
327 3986 473 4035 memoriam
499 3985 573 4034 nobis
591 3991 762 4033 revocantem.
798 3979 1254 4046 Vid.Reutcriallp.ltcpcrt.1n.

125 4076 203 4126 Mart.
223 4082 297 4135 1856,
316 4093 340 4140 p.
359 4083 407 4126 208
425 4093 479 4142 sqq.

159 4169 195 4232 (2)
211 4170 279 4220 Prae
297 4172 402 4220 cacteris
420 4172 512 4231 diguus
530 4176 568 4219 cst
586 4184 661 4234 quem
679 4169 720 4218 hlc
738 4169 900 4217 consulamus
918 4165 991 4215 Chr.
1005 4166 1052 4215 Fr.
1071 4166 1252 4225 Friteuche‚

125 4263 182 4326 qui,
200 4265 318 4313 accurata
334 4266 459 4327 doctaque
477 4263 613 4312 collatione
636 4263 749 4311 instituta
766 4276 795 4310 ac
813 4263 937 4316 censura,
956 4260 1253 4310 Bretschneidcri

125 4354 207 4405 Leria.
225 4357 249 4405 iu
267 4354 304 4406 N.
325 4354 354 4404 T.
376 4371 405 4404 ac
423 4352 552 4404 Wablii
570 4353 662 4404 Claram
680 4353 719 4404 N.
738 4352 783 4413 T.,
804 4354 935 4417 utriusque
962 4367 995 4401 ex
1019 4353 1101 4403 altera
1126 4355 1252 4412 editione,

124 4449 206 4500 forma
222 4451 326 4507 octava,
345 4462 374 4498 cc
388 4454 515 4511 comparat
533 4447 604 4496 exitu
623 4457 650 4498 ut
669 4454 694 4496 ct
712 4445 787 4510 hujus
800 4452 824 4496 et
843 4445 912 4495 illins
931 4447 997 4495 bonu
1015 4454 1146 4496 recenseat
1164 4462 1194 4496 uc
1212 4447 1251 4495 dc·
