2782 4958
140 322 181 386 80
633 341 786 384 unnnnrro

134 505 207 578 cilis
231 518 280 579 est
302 530 381 580 sanc
399 505 508 592 animi,
531 517 567 578 ut
590 531 608 578 a
626 507 821 604 planteam,
845 532 930 606 quae
951 509 1035 582 forte
1054 509 1189 584 feracior
1207 511 1252 584 tibi

139 643 237 729 atque
265 630 372 704 acrior
393 629 561 729 obtigerit,
593 656 657 702 non
683 656 782 703 coeco
812 631 936 729 impetu
967 646 999 705 te
1023 634 1093 731 rapi
1121 633 1252 731 patiaris,

135 752 192 826 sed
220 752 261 825 ad
302 753 415 851 pulcra
443 752 577 851 quaevis
607 752 826 851 aggredienda
852 754 962 853 potius
998 781 1038 828 ac
1075 755 1252 854 perficienda

134 875 366 948 stimulandum
379 902 475 948 cures
489 888 588 974 atque
601 876 850 949 incendendum.
878 877 1249 978 Sicigiturlloyaard·

133 1002 235 1086 sius;
268 1001 363 1096 cujus
395 997 526 1097 quidem
554 1011 669 1096 pectus
695 1001 823 1098 poetico
850 1000 960 1100 aliquo
986 1002 1103 1099 spiritu
1129 1002 1245 1076 subinde

134 1120 330 1195 incalescere
357 1120 509 1220 apparuit
538 1121 605 1218 (l),
632 1122 728 1219 cujus
753 1148 829 1195 vero
855 1122 981 1212 ardori,
1009 1139 1110 1224 atque
1132 1126 1243 1198 ἔνθου·

134 1252 303 1340 σιασμῷ,
338 1244 407 1315 sine
447 1269 528 1341 quo,
562 1269 638 1316 vere
671 1256 822 1316 monente
858 1243 1168 1342 Ehrenbergio,
1203 1245 1241 1318 vir

131 1367 193 1439 sibi
223 1366 296 1470 Viri,
326 1380 476 1440 constare
505 1380 612 1465 potest
653 1368 906 1465 perseverantia,
944 1368 1126 1442 moderatio
1156 1394 1240 1442 comes

132 1490 246 1563 aderat
278 1514 316 1561 ac
344 1490 501 1586 sapientia
526 1491 750 1588 gubernatrix.
802 1491 903 1564 Suum
923 1518 999 1565 eum
1036 1494 1136 1566 luisse
1165 1517 1237 1566 neno

130 1614 224 1688 lacile
240 1612 422 1711 negaverit:
446 1639 518 1685 nam
546 1613 696 1713 quamvis
718 1614 856 1687 multum
880 1615 1026 1704 oliorum,
1055 1615 1238 1714 prudentinn

130 1734 288 1834 imprimis
307 1735 507 1824 Amicorum,
530 1737 663 1811 consilio
683 1737 851 1826 tribueret,
867 1739 898 1809 in
921 1738 1023 1811 rebus
1041 1752 1163 1829 tamen,
1179 1764 1239 1838 quae

130 1859 215 1932 bene
234 1871 421 1955 perspectas
440 1885 475 1933 se
497 1860 619 1933 habere
646 1860 799 1957 putabat,
821 1860 987 1960 aliquanto
1006 1861 1104 1934 etiam
1119 1861 1239 1961 plussuo

131 1983 276 2057 tribuere
292 1983 387 2055 nobis
404 1986 494 2056 visus
516 1995 565 2055 est
586 1982 718 2080 judicio.
765 1984 834 2056 Nec
854 2009 998 2082 unquam
1019 1997 1128 2057 tamen
1145 1985 1241 2084 impar·

133 2106 246 2178 tunius
264 2130 361 2178 suum
387 2105 450 2178 hoc
470 2104 628 2203 judicium
653 2104 723 2177 aliis
740 2105 969 2178 obtrudentem
989 2105 1242 2204 deprehendimus

132 2258 192 2307 nec
230 2233 457 2306 inculcantem.
519 2229 568 2298 lta
600 2225 662 2297 sibi
700 2226 861 2324 imperare
894 2225 1053 2299 didicerat
1086 2241 1183 2328 atque
1212 2229 1243 2301 ita

133 2355 277 2452 lingnam
320 2374 543 2452 compescere,
580 2363 617 2420 ut
652 2349 708 2447 qui
742 2363 882 2446 augusto
916 2374 1027 2422 coram
1066 2353 1156 2448 Rege
1194 2376 1244 2424 non

130 2478 250 2574 magis,
286 2502 383 2574 quam
416 2497 524 2546 coram
562 2471 700 2568 Collegis
735 2496 773 2543 ac
809 2470 976 2569 discipulis
1012 2473 1093 2571 quid
1128 2475 1244 2547 sentiret

130 2613 241 2700 aperte
260 2599 368 2672 dicere
385 2596 566 2682 dubitabat,
589 2593 690 2682 idem,
715 2593 820 2665 sicubi
842 2620 894 2667 res
911 2596 1119 2694 requirebat,
1138 2596 1244 2670 tacendi

130 2732 231 2792 artem
249 2745 283 2791 se
301 2719 418 2791 callere
435 2729 467 2790 et
485 2718 554 2790 aliis
581 2717 820 2790 demonstraret
841 2732 874 2790 et
895 2717 948 2804 iis,
976 2720 1174 2817 quibuscum
1187 2745 1244 2819 gra

130 2840 276 2913 vioribus
299 2840 339 2913 de
358 2840 495 2937 negotiis
519 2839 652 2912 consilia
673 2839 814 2912 ineunda
836 2839 1072 2934 incumberent,
1088 2867 1244 2920 munerun

130 2963 233 3038 coms
261 2964 323 3062 (a).

136 3267 292 3276 ...—---—-

166 3364 213 3436 (1)
233 3363 275 3418 Ea
295 3361 438 3434 dollegam
460 3363 545 3418 fuisse
569 3362 693 3435 politicae
713 3363 874 3435 phantasiae
894 3364 922 3418 vi
945 3371 1030 3436 atque
1058 3367 1194 3437 ubertate,
1212 3373 1245 3435 nt,

128 3462 151 3517 si
169 3463 240 3517 hanc
259 3461 342 3517 etiam
362 3461 414 3516 sibi
428 3461 536 3517 laudem
557 3460 749 3532 quaesivisset,
764 3479 821 3516 non
840 3462 1073 3517 contemnendum
1087 3466 1246 3521 nostratibus

126 3561 155 3615 in
174 3559 269 3616 Po'e'tis
288 3561 379 3615 locum
397 3559 541 3617 habiturus
561 3560 669 3626 luisset,
691 3567 720 3614 et
739 3560 850 3614 aliunde
871 3568 988 3632 apparet
1007 3570 1036 3616 et
1056 3581 1092 3618 ex
1112 3565 1157 3634 iis,
1175 3581 1246 3638 quaa,

127 3677 184 3714 non
209 3660 294 3730 longa
319 3677 335 3714 a
362 3659 512 3714 concinnae
532 3658 700 3714 narrationis
727 3658 819 3727 initio,
846 3659 994 3716 Glasins
1023 3671 1161 3734 recenset,
1185 3665 1248 3720 illius

127 3758 306 3812 carminibue.

164 3858 209 3929 (2)
229 3857 286 3911 Diu
316 3856 478 3911 meditatam
504 3857 624 3910 Danielis
650 3857 684 3911 de
710 3856 782 3910 libro
812 3858 1074 3913 commentationem
1103 3860 1154 3930 ita,
1176 3862 1249 3934 plana

126 3955 213 4011 inscio
227 3955 317 4024 Putre,
342 3973 427 4026 quum
449 3956 657 4029 perscripserat,
680 3962 800 4027 atqnea
827 3956 1021 4012 Meerlrerkine
1050 3957 1249 4033 Ludimagistro

127 4055 334 4110 describendam
355 4059 475 4124 curarat,
494 4062 553 4110 tum
572 4056 705 4110 Societotis
724 4055 851 4124 Hoqauoe
863 4055 1102 4125 Moderatoribus,
1117 4058 1146 4113 in
1159 4060 1249 4132 quibus

126 4157 185 4229 ipse
205 4157 309 4210 Parens
330 4161 400 4223 erat,
424 4153 604 4225 judicandam
624 4154 774 4222 obtulerat,
795 4160 827 4209 ut
846 4161 961 4209 ornatae
982 4155 1107 4227 praemio
1129 4157 1250 4232 disputa·

127 4255 212 4310 tionis
233 4262 374 4310 auctorem
393 4254 490 4307 Filium
511 4270 582 4320 esse,
603 4258 699 4324 apertat
717 4253 838 4320 demum,
857 4269 928 4325 quae
942 4252 1052 4324 adjecta
1069 4264 1141 4326 erat,
1154 4258 1250 4314 acidula

128 4355 294 4427 comperiret
317 4354 420 4410 Senex.
462 4353 551 4418 Quem
571 4351 667 4424 igitur,
689 4370 744 4424 qno
764 4351 854 4406 minus
874 4359 997 4424 sperato,
1018 4371 1052 4409 eo
1072 4355 1180 4429 majore
1198 4372 1251 4414 sesa

128 4453 231 4526 gaudio
252 4455 361 4512 afficere
380 4452 512 4522 voluisse,
534 4453 624 4508 laetus
640 4451 700 4524 jam
720 4453 805 4508 Pater
825 4450 1011 4523 intelligebat.
