<?xml version="1.0" encoding="UTF-8"?>
<!DOCTYPE html PUBLIC "-//W3C//DTD XHTML 1.0 Transitional//EN"
    "http://www.w3.org/TR/xhtml1/DTD/xhtml1-transitional.dtd">
<html xmlns="http://www.w3.org/1999/xhtml" xml:lang="en" lang="en">
 <head>
  <title>
</title>
<meta http-equiv="Content-Type" content="text/html;charset=utf-8" />
  <meta name='ocr-system' content='tesseract 3.04.00' />
  <meta name='ocr-capabilities' content='ocr_page ocr_carea ocr_par ocr_line ocrx_word'/>
</head>
<body>
  <div class='ocr_page' id='page_1' title='image "./chartaetheologi00boumgoog_0081.png"; bbox 0 0 2782 4958; ppageno 0'>
   <div class='ocr_carea' id='block_1_1' title="bbox 127 330 771 388">
    <p class='ocr_par' dir='ltr' id='par_1_1' title="bbox 127 330 771 388">
     <span class='ocr_line' id='line_1_1' title="bbox 127 330 771 388; baseline -0.005 0"><span class='ocrx_word' id='word_1_1' title='bbox 127 330 169 388; x_wconf 72' lang='lat' dir='ltr'><strong>(tt</strong></span> <span class='ocrx_word' id='word_1_2' title='bbox 614 342 771 386; x_wconf 76' lang='lat' dir='ltr'><strong>arenosum</strong></span> 
     </span>
    </p>
   </div>
   <div class='ocr_carea' id='block_1_2' title="bbox 86 507 1273 2883">
    <p class='ocr_par' dir='ltr' id='par_1_2' title="bbox 86 507 1273 2883">
     <span class='ocr_line' id='line_1_2' title="bbox 125 507 1259 596; baseline -0.004 -19"><span class='ocrx_word' id='word_1_3' title='bbox 125 518 236 592; x_wconf 90' lang='lat' dir='ltr'><strong>motus,</strong></span> <span class='ocrx_word' id='word_1_4' title='bbox 262 517 292 577; x_wconf 93' lang='lat' dir='ltr'><strong>et</strong></span> <span class='ocrx_word' id='word_1_5' title='bbox 314 531 385 575; x_wconf 90' lang='lat' dir='ltr'><strong>vero</strong></span> <span class='ocrx_word' id='word_1_6' title='bbox 407 509 570 575; x_wconf 89' lang='lat' dir='ltr'><strong>consilium</strong></span> <span class='ocrx_word' id='word_1_7' title='bbox 593 516 749 596; x_wconf 75' lang='grc' dir='ltr'><strong>συνεργὸν</strong></span> <span class='ocrx_word' id='word_1_8' title='bbox 764 515 854 594; x_wconf 77' lang='grc' dir='ltr'><strong>ήμῶν</strong></span> <span class='ocrx_word' id='word_1_9' title='bbox 867 514 1018 593; x_wconf 86' lang='lat' dir='ltr'><strong>postremo</strong></span> <span class='ocrx_word' id='word_1_10' title='bbox 1032 507 1100 572; x_wconf 92' lang='lat' dir='ltr'><strong>loco</strong></span> <span class='ocrx_word' id='word_1_11' title='bbox 1116 510 1259 593; x_wconf 90' lang='lat' dir='ltr'><strong>ponendi,</strong></span> 
     </span>
     <span class='ocr_line' id='line_1_3' title="bbox 86 622 1263 710; baseline 0.001 -20"><span class='ocrx_word' id='word_1_12' title='bbox 86 629 90 634; x_wconf 79' lang='grc'><strong>’</strong></span> <span class='ocrx_word' id='word_1_13' title='bbox 126 647 187 710; x_wconf 91' lang='lat' dir='ltr'><strong>quo</strong></span> <span class='ocrx_word' id='word_1_14' title='bbox 219 624 406 690; x_wconf 85' lang='lat' dir='ltr'><strong>commodius</strong></span> <span class='ocrx_word' id='word_1_15' title='bbox 433 622 506 689; x_wconf 90' lang='lat' dir='ltr'><strong>huic</strong></span> <span class='ocrx_word' id='word_1_16' title='bbox 536 623 619 688; x_wconf 85' lang='lat' dir='ltr'><strong>dicto</strong></span> <span class='ocrx_word' id='word_1_17' title='bbox 649 624 808 708; x_wconf 89' lang='lat' dir='ltr'><strong>sequentis</strong></span> <span class='ocrx_word' id='word_1_18' title='bbox 838 628 999 687; x_wconf 80' lang='lat' dir='ltr'><strong>annectere</strong></span> <span class='ocrx_word' id='word_1_19' title='bbox 1028 628 1129 707; x_wconf 83' lang='lat' dir='ltr'><strong>posset</strong></span> <span class='ocrx_word' id='word_1_20' title='bbox 1153 630 1190 691; x_wconf 75' lang='grc' dir='ltr'><strong>ἐν</strong></span> <span class='ocrx_word' id='word_1_21' title='bbox 1220 631 1263 710; x_wconf 83' lang='grc' dir='ltr'><strong>τῷ</strong></span> 
     </span>
     <span class='ocr_line' id='line_1_4' title="bbox 127 737 1264 827; baseline -0.006 -18"><span class='ocrx_word' id='word_1_22' title='bbox 127 743 304 827; x_wconf 74' lang='grc' dir='ltr'><strong>εὐαγγελίῳ</strong></span> <span class='ocrx_word' id='word_1_23' title='bbox 327 748 383 809; x_wconf 79' lang='grc' dir='ltr'><strong>τοῦ</strong></span> <span class='ocrx_word' id='word_1_24' title='bbox 405 747 562 827; x_wconf 79' lang='grc' dir='ltr'><strong><em>Χριστοῦ.</em></strong></span> <span class='ocrx_word' id='word_1_25' title='bbox 611 739 828 803; x_wconf 82' lang='lat' dir='ltr'><strong>Verumtamen</strong></span> <span class='ocrx_word' id='word_1_26' title='bbox 851 738 1086 822; x_wconf 85' lang='lat' dir='ltr'><strong>exspectandum</strong></span> <span class='ocrx_word' id='word_1_27' title='bbox 1106 744 1173 802; x_wconf 86' lang='lat' dir='ltr'><strong>erat</strong></span> <span class='ocrx_word' id='word_1_28' title='bbox 1189 737 1264 802; x_wconf 80' lang='lat' dir='ltr'><strong>male</strong></span> 
     </span>
     <span class='ocr_line' id='line_1_5' title="bbox 126 852 1264 920; baseline -0.004 0"><span class='ocrx_word' id='word_1_29' title='bbox 126 854 200 920; x_wconf 91' lang='lat' dir='ltr'><strong>haee</strong></span> <span class='ocrx_word' id='word_1_30' title='bbox 234 853 374 920; x_wconf 84' lang='lat' dir='ltr'>librarios</span> <span class='ocrx_word' id='word_1_31' title='bbox 406 852 545 917; x_wconf 82' lang='lat' dir='ltr'><strong>habitura</strong></span> <span class='ocrx_word' id='word_1_32' title='bbox 579 874 644 916; x_wconf 90' lang='lat' dir='ltr'><strong>esse</strong></span> <span class='ocrx_word' id='word_1_33' title='bbox 674 874 708 917; x_wconf 87' lang='lat' dir='ltr'><strong>so</strong></span> <span class='ocrx_word' id='word_1_34' title='bbox 739 858 936 918; x_wconf 87' lang='lat' dir='ltr'><strong>correctores.</strong></span> <span class='ocrx_word' id='word_1_35' title='bbox 985 853 1035 918; x_wconf 91' lang='lat' dir='ltr'><strong>Ne</strong></span> <span class='ocrx_word' id='word_1_36' title='bbox 1058 853 1139 916; x_wconf 88' lang='lat' dir='ltr'><strong>enim</strong></span> <span class='ocrx_word' id='word_1_37' title='bbox 1164 852 1264 916; x_wconf 90' lang='lat' dir='ltr'><strong>denuo</strong></span> 
     </span>
     <span class='ocr_line' id='line_1_6' title="bbox 126 966 1266 1053; baseline -0.004 -19"><span class='ocrx_word' id='word_1_38' title='bbox 126 969 288 1050; x_wconf 87' lang='lat' dir='ltr'><strong>dictorum,</strong></span> <span class='ocrx_word' id='word_1_39' title='bbox 303 990 379 1053; x_wconf 90' lang='lat' dir='ltr'><strong>quae</strong></span> <span class='ocrx_word' id='word_1_40' title='bbox 402 969 442 1032; x_wconf 92' lang='lat' dir='ltr'><strong>iis</strong></span> <span class='ocrx_word' id='word_1_41' title='bbox 463 967 586 1052; x_wconf 91' lang='lat' dir='ltr'><strong>quidem</strong></span> <span class='ocrx_word' id='word_1_42' title='bbox 608 966 728 1032; x_wconf 87' lang='lat' dir='ltr'><strong>turbata</strong></span> <span class='ocrx_word' id='word_1_43' title='bbox 745 967 846 1033; x_wconf 75' lang='lat' dir='ltr'><strong>uideri</strong></span> <span class='ocrx_word' id='word_1_44' title='bbox 869 967 1002 1044; x_wconf 77' lang='lat' dir='ltr'><strong>deberet,</strong></span> <span class='ocrx_word' id='word_1_45' title='bbox 1020 968 1266 1032; x_wconf 72' lang='lat' dir='ltr'><strong>consecutionem</strong></span> 
     </span>
     <span class='ocr_line' id='line_1_7' title="bbox 128 1080 1267 1171; baseline 0.003 -23"><span class='ocrx_word' id='word_1_46' title='bbox 128 1085 285 1170; x_wconf 83' lang='lat' dir='ltr'><strong>attingam,</strong></span> <span class='ocrx_word' id='word_1_47' title='bbox 299 1084 342 1147; x_wconf 86' lang='lat' dir='ltr'><strong>ite</strong></span> <span class='ocrx_word' id='word_1_48' title='bbox 356 1081 499 1146; x_wconf 67' lang='lat' dir='ltr'><strong>mmilr&#39;lcr</strong></span> <span class='ocrx_word' id='word_1_49' title='bbox 518 1080 609 1146; x_wconf 83' lang='lat' dir='ltr'><strong>verba</strong></span> <span class='ocrx_word' id='word_1_50' title='bbox 624 1083 764 1148; x_wconf 68' lang='lat' dir='ltr'><strong>dealem</strong></span> <span class='ocrx_word' id='word_1_51' title='bbox 784 1084 928 1168; x_wconf 71' lang='grc' dir='ltr'><strong>ἀδελφὸν</strong></span> <span class='ocrx_word' id='word_1_52' title='bbox 949 1090 1040 1170; x_wconf 75' lang='grc' dir='ltr'><strong>ἡμῶν</strong></span> <span class='ocrx_word' id='word_1_53' title='bbox 1057 1088 1089 1147; x_wconf 85' lang='lat' dir='ltr'><strong>et</strong></span> <span class='ocrx_word' id='word_1_54' title='bbox 1107 1088 1267 1171; x_wconf 72' lang='grc' dir='ltr'><strong>συνεργὸν</strong></span> 
     </span>
     <span class='ocr_line' id='line_1_8' title="bbox 129 1196 1268 1286; baseline -0.006 -19"><span class='ocrx_word' id='word_1_55' title='bbox 129 1205 233 1286; x_wconf 66' lang='grc' dir='ltr'><strong><em>ἡμῶν,</em></strong></span> <span class='ocrx_word' id='word_1_56' title='bbox 260 1205 295 1264; x_wconf 90' lang='lat' dir='ltr'><strong>nt</strong></span> <span class='ocrx_word' id='word_1_57' title='bbox 317 1197 423 1262; x_wconf 92' lang='lat' dir='ltr'><strong>oculos</strong></span> <span class='ocrx_word' id='word_1_58' title='bbox 445 1198 603 1281; x_wconf 80' lang='lat' dir='ltr'><strong>nonsatis</strong></span> <span class='ocrx_word' id='word_1_59' title='bbox 636 1202 718 1261; x_wconf 91' lang='lat' dir='ltr'><strong>recte</strong></span> <span class='ocrx_word' id='word_1_60' title='bbox 740 1198 929 1261; x_wconf 79' lang='lat' dir='ltr'><strong>attendentes</strong></span> <span class='ocrx_word' id='word_1_61' title='bbox 950 1196 1093 1262; x_wconf 80' lang='lat' dir='ltr'><strong>facillime</strong></span> <span class='ocrx_word' id='word_1_62' title='bbox 1115 1197 1268 1260; x_wconf 66' lang='lat' dir='ltr'><strong>motorum</strong></span> 
     </span>
     <span class='ocr_line' id='line_1_9' title="bbox 128 1311 1269 1397; baseline 0 -21"><span class='ocrx_word' id='word_1_63' title='bbox 128 1334 199 1397; x_wconf 88' lang='lat' dir='ltr'><strong>pars</strong></span> <span class='ocrx_word' id='word_1_64' title='bbox 224 1311 324 1396; x_wconf 82' lang='lat' dir='ltr'><strong>eliqua</strong></span> <span class='ocrx_word' id='word_1_65' title='bbox 353 1312 459 1397; x_wconf 84' lang='lat' dir='ltr'><strong>ingere</strong></span> <span class='ocrx_word' id='word_1_66' title='bbox 487 1319 598 1396; x_wconf 90' lang='lat' dir='ltr'><strong>posset.</strong></span> <span class='ocrx_word' id='word_1_67' title='bbox 644 1311 736 1384; x_wconf 85' lang='lat' dir='ltr'><strong>Quod</strong></span> <span class='ocrx_word' id='word_1_68' title='bbox 766 1335 838 1377; x_wconf 87' lang='lat' dir='ltr'><strong>sane</strong></span> <span class='ocrx_word' id='word_1_69' title='bbox 867 1313 1085 1397; x_wconf 88' lang='lat' dir='ltr'><strong>praejudicium</strong></span> <span class='ocrx_word' id='word_1_70' title='bbox 1115 1312 1154 1377; x_wconf 88' lang='lat' dir='ltr'><strong>sb</strong></span> <span class='ocrx_word' id='word_1_71' title='bbox 1185 1313 1269 1377; x_wconf 83' lang='lat' dir='ltr'><strong>exitu</strong></span> 
     </span>
     <span class='ocr_line' id='line_1_10' title="bbox 131 1424 1271 1511; baseline -0.003 -21"><span class='ocrx_word' id='word_1_72' title='bbox 131 1424 360 1511; x_wconf 87' lang='lat' dir='ltr'><strong>comprobatum</strong></span> <span class='ocrx_word' id='word_1_73' title='bbox 382 1427 528 1492; x_wconf 84' lang='lat' dir='ltr'><strong>videmus.</strong></span> <span class='ocrx_word' id='word_1_74' title='bbox 574 1427 745 1492; x_wconf 89' lang='lat' dir='ltr'><strong>Paucorum</strong></span> <span class='ocrx_word' id='word_1_75' title='bbox 772 1428 853 1491; x_wconf 89' lang='lat' dir='ltr'><strong>enim</strong></span> <span class='ocrx_word' id='word_1_76' title='bbox 880 1425 989 1490; x_wconf 91' lang='lat' dir='ltr'><strong>horum</strong></span> <span class='ocrx_word' id='word_1_77' title='bbox 1015 1424 1178 1491; x_wconf 85' lang='lat' dir='ltr'><strong>verborum</strong></span> <span class='ocrx_word' id='word_1_78' title='bbox 1209 1446 1271 1488; x_wconf 89' lang='lat' dir='ltr'><strong>non</strong></span> 
     </span>
     <span class='ocr_line' id='line_1_11' title="bbox 130 1539 1270 1624; baseline -0.001 -20"><span class='ocrx_word' id='word_1_79' title='bbox 130 1539 219 1605; x_wconf 84' lang='lat' dir='ltr'><strong>facile</strong></span> <span class='ocrx_word' id='word_1_80' title='bbox 241 1540 354 1604; x_wconf 82' lang='lat' dir='ltr'><strong>dixeris</strong></span> <span class='ocrx_word' id='word_1_81' title='bbox 375 1561 466 1624; x_wconf 85' lang='lat' dir='ltr'><strong>qnam</strong></span> <span class='ocrx_word' id='word_1_82' title='bbox 493 1541 605 1606; x_wconf 85' lang='lat' dir='ltr'><strong>multas</strong></span> <span class='ocrx_word' id='word_1_83' title='bbox 628 1543 720 1607; x_wconf 87' lang='lat' dir='ltr'><strong>variis</strong></span> <span class='ocrx_word' id='word_1_84' title='bbox 742 1564 759 1606; x_wconf 90' lang='lat' dir='ltr'><strong>a</strong></span> <span class='ocrx_word' id='word_1_85' title='bbox 783 1540 914 1607; x_wconf 88' lang='lat' dir='ltr'><strong>testibus</strong></span> <span class='ocrx_word' id='word_1_86' title='bbox 937 1539 1189 1604; x_wconf 85' lang='lat' dir='ltr'><strong>commendentur</strong></span> <span class='ocrx_word' id='word_1_87' title='bbox 1210 1539 1270 1604; x_wconf 91' lang='lat' dir='ltr'><strong>lec·</strong></span> 
     </span>
     <span class='ocr_line' id='line_1_12' title="bbox 132 1653 1268 1732; baseline 0 -15"><span class='ocrx_word' id='word_1_88' title='bbox 132 1654 231 1717; x_wconf 85' lang='lat' dir='ltr'><strong>tiones</strong></span> <span class='ocrx_word' id='word_1_89' title='bbox 253 1654 397 1718; x_wconf 83' lang='lat' dir='ltr'><strong>diversae.</strong></span> <span class='ocrx_word' id='word_1_90' title='bbox 444 1655 744 1732; x_wconf 85' lang='lat' dir='ltr'><strong>Liinemannus,</strong></span> <span class='ocrx_word' id='word_1_91' title='bbox 775 1660 811 1720; x_wconf 89' lang='lat' dir='ltr'><strong>nt</strong></span> <span class='ocrx_word' id='word_1_92' title='bbox 840 1656 878 1719; x_wconf 92' lang='lat' dir='ltr'><strong>de</strong></span> <span class='ocrx_word' id='word_1_93' title='bbox 910 1653 968 1718; x_wconf 90' lang='lat' dir='ltr'><strong>boc</strong></span> <span class='ocrx_word' id='word_1_94' title='bbox 998 1659 1118 1719; x_wconf 84' lang='lat' dir='ltr'><strong>tantum</strong></span> <span class='ocrx_word' id='word_1_95' title='bbox 1147 1654 1268 1728; x_wconf 86' lang='lat' dir='ltr'><strong>dicam,</strong></span> 
     </span>
     <span class='ocr_line' id='line_1_13' title="bbox 132 1767 1270 1855; baseline 0.002 -24"><span class='ocrx_word' id='word_1_96' title='bbox 132 1768 280 1832; x_wconf 87' lang='lat' dir='ltr'><strong>rationem</strong></span> <span class='ocrx_word' id='word_1_97' title='bbox 304 1769 453 1853; x_wconf 84' lang='lat' dir='ltr'><strong>sequitur,</strong></span> <span class='ocrx_word' id='word_1_98' title='bbox 471 1769 559 1853; x_wconf 90' lang='lat' dir='ltr'><strong>cujus</strong></span> <span class='ocrx_word' id='word_1_99' title='bbox 580 1791 618 1834; x_wconf 87' lang='lat' dir='ltr'><strong>ex</strong></span> <span class='ocrx_word' id='word_1_100' title='bbox 640 1768 829 1855; x_wconf 89' lang='lat' dir='ltr'><strong>principibus</strong></span> <span class='ocrx_word' id='word_1_101' title='bbox 849 1769 972 1854; x_wconf 91' lang='lat' dir='ltr'><strong>quidem</strong></span> <span class='ocrx_word' id='word_1_102' title='bbox 987 1767 1152 1833; x_wconf 80' lang='lat' dir='ltr'><strong>(lodicibus</strong></span> <span class='ocrx_word' id='word_1_103' title='bbox 1171 1768 1270 1833; x_wconf 91' lang='lat' dir='ltr'><strong>solum</strong></span> 
     </span>
     <span class='ocr_line' id='line_1_14' title="bbox 135 1880 1269 1968; baseline 0.005 -22"><span class='ocrx_word' id='word_1_104' title='bbox 135 1887 291 1946; x_wconf 85' lang='lat' dir='ltr'><strong>auctorem</strong></span> <span class='ocrx_word' id='word_1_105' title='bbox 322 1880 412 1946; x_wconf 89' lang='lat' dir='ltr'><strong>habet</strong></span> <span class='ocrx_word' id='word_1_106' title='bbox 441 1883 481 1948; x_wconf 88' lang='lat' dir='ltr'><strong>D.</strong></span> <span class='ocrx_word' id='word_1_107' title='bbox 505 1883 646 1948; x_wconf 77' lang='lat' dir='ltr'><strong>Retectis</strong></span> <span class='ocrx_word' id='word_1_108' title='bbox 666 1884 745 1948; x_wconf 90' lang='lat' dir='ltr'><strong>enim</strong></span> <span class='ocrx_word' id='word_1_109' title='bbox 775 1882 928 1968; x_wconf 86' lang='lat' dir='ltr'><strong>prioribus</strong></span> <span class='ocrx_word' id='word_1_110' title='bbox 954 1882 1015 1946; x_wconf 91' lang='lat' dir='ltr'><strong>illis</strong></span> <span class='ocrx_word' id='word_1_111' title='bbox 1042 1910 1099 1952; x_wconf 74' lang='lat' dir='ltr'><strong>roc</strong></span> <span class='ocrx_word' id='word_1_112' title='bbox 1123 1882 1269 1968; x_wconf 59' lang='lat' dir='ltr'><strong>ersten</strong></span> 
     </span>
     <span class='ocr_line' id='line_1_15' title="bbox 135 1998 1269 2083; baseline 0.002 -20"><span class='ocrx_word' id='word_1_113' title='bbox 135 2004 238 2081; x_wconf 71' lang='grc' dir='ltr'><strong><em>ἡμῶν,</em></strong></span> <span class='ocrx_word' id='word_1_114' title='bbox 263 1998 441 2081; x_wconf 86' lang='lat' dir='ltr'><strong>posteriora:</strong></span> <span class='ocrx_word' id='word_1_115' title='bbox 467 2004 523 2064; x_wconf 75' lang='lat' dir='ltr'><strong>sol</strong></span> <span class='ocrx_word' id='word_1_116' title='bbox 552 2000 706 2068; x_wconf 73' lang='grc' dir='ltr'><strong><em>διάκονον</em></strong></span> <span class='ocrx_word' id='word_1_117' title='bbox 728 2010 784 2067; x_wconf 81' lang='grc' dir='ltr'><strong>τοῦ</strong></span> <span class='ocrx_word' id='word_1_118' title='bbox 807 2003 888 2067; x_wconf 74' lang='grc' dir='ltr'><strong>Θεοῦ</strong></span> <span class='ocrx_word' id='word_1_119' title='bbox 909 2003 964 2065; x_wconf 70' lang='grc' dir='ltr'><strong>καὶ</strong></span> <span class='ocrx_word' id='word_1_120' title='bbox 985 2002 1141 2083; x_wconf 68' lang='grc' dir='ltr'><strong>συνεργὸν</strong></span> <span class='ocrx_word' id='word_1_121' title='bbox 1163 2006 1269 2082; x_wconf 65' lang='grc' dir='ltr'><strong><em>ἡμῶν,</em></strong></span> 
     </span>
     <span class='ocr_line' id='line_1_16' title="bbox 134 2110 1270 2197; baseline -0.001 -22"><span class='ocrx_word' id='word_1_122' title='bbox 134 2113 166 2175; x_wconf 93' lang='lat' dir='ltr'><strong>in</strong></span> <span class='ocrx_word' id='word_1_123' title='bbox 187 2133 280 2176; x_wconf 91' lang='lat' dir='ltr'><strong>unum</strong></span> <span class='ocrx_word' id='word_1_124' title='bbox 305 2117 420 2176; x_wconf 88' lang='lat' dir='ltr'><strong>mutare</strong></span> <span class='ocrx_word' id='word_1_125' title='bbox 436 2111 525 2196; x_wconf 87' lang='lat' dir='ltr'><strong>jubet</strong></span> <span class='ocrx_word' id='word_1_126' title='bbox 541 2110 662 2177; x_wconf 84' lang='lat' dir='ltr'><strong>brevius</strong></span> <span class='ocrx_word' id='word_1_127' title='bbox 683 2113 818 2176; x_wconf 89' lang='lat' dir='ltr'><strong>dictum:</strong></span> <span class='ocrx_word' id='word_1_128' title='bbox 840 2117 896 2179; x_wconf 78' lang='lat' dir='ltr'><strong>unt</strong></span> <span class='ocrx_word' id='word_1_129' title='bbox 920 2116 1076 2197; x_wconf 72' lang='grc' dir='ltr'><strong>συνεργὸν</strong></span> <span class='ocrx_word' id='word_1_130' title='bbox 1095 2120 1152 2179; x_wconf 75' lang='lat' dir='ltr'><strong>rori</strong></span> <span class='ocrx_word' id='word_1_131' title='bbox 1174 2116 1270 2180; x_wconf 72' lang='grc' dir='ltr'>Θεοῦ.</span> 
     </span>
     <span class='ocr_line' id='line_1_17' title="bbox 135 2224 1272 2310; baseline -0.002 -20"><span class='ocrx_word' id='word_1_132' title='bbox 135 2224 234 2297; x_wconf 80' lang='lat' dir='ltr'><strong>Quam</strong></span> <span class='ocrx_word' id='word_1_133' title='bbox 257 2225 416 2290; x_wconf 85' lang='lat' dir='ltr'><strong>lectionem</strong></span> <span class='ocrx_word' id='word_1_134' title='bbox 436 2227 517 2310; x_wconf 89' lang='lat' dir='ltr'><strong>quod</strong></span> <span class='ocrx_word' id='word_1_135' title='bbox 541 2225 814 2292; x_wconf 89' lang='lat' dir='ltr'><strong>Griesbachio-</strong></span> <span class='ocrx_word' id='word_1_136' title='bbox 829 2227 919 2290; x_wconf 90' lang='lat' dir='ltr'><strong>etiam</strong></span> <span class='ocrx_word' id='word_1_137' title='bbox 941 2224 1089 2310; x_wconf 84' lang='lat' dir='ltr'><strong>placuisse</strong></span> <span class='ocrx_word' id='word_1_138' title='bbox 1111 2225 1208 2298; x_wconf 89' lang='lat' dir='ltr'><strong>dicit;</strong></span> <span class='ocrx_word' id='word_1_139' title='bbox 1234 2247 1272 2290; x_wconf 85' lang='lat' dir='ltr'><strong>ex</strong></span> 
     </span>
     <span class='ocr_line' id='line_1_18' title="bbox 133 2338 1273 2425; baseline 0 -21"><span class='ocrx_word' id='word_1_140' title='bbox 133 2339 290 2405; x_wconf 87' lang='lat' dir='ltr'><strong>dubitante</strong></span> <span class='ocrx_word' id='word_1_141' title='bbox 310 2363 346 2405; x_wconf 93' lang='lat' dir='ltr'><strong>eo</strong></span> <span class='ocrx_word' id='word_1_142' title='bbox 368 2348 457 2425; x_wconf 86' lang='lat' dir='ltr'><strong>atque</strong></span> <span class='ocrx_word' id='word_1_143' title='bbox 481 2343 512 2406; x_wconf 93' lang='lat' dir='ltr'><strong>in</strong></span> <span class='ocrx_word' id='word_1_144' title='bbox 536 2343 632 2406; x_wconf 73' lang='lat' dir='ltr'><strong>vadas</strong></span> <span class='ocrx_word' id='word_1_145' title='bbox 652 2348 750 2425; x_wconf 85' lang='lat' dir='ltr'><strong>partes</strong></span> <span class='ocrx_word' id='word_1_146' title='bbox 773 2345 899 2405; x_wconf 73' lang='lat' dir='ltr'><strong>uubnte</strong></span> <span class='ocrx_word' id='word_1_147' title='bbox 922 2345 1006 2404; x_wconf 91' lang='lat' dir='ltr'><strong>certo</strong></span> <span class='ocrx_word' id='word_1_148' title='bbox 1028 2338 1102 2403; x_wconf 88' lang='lat' dir='ltr'><strong>facit</strong></span> <span class='ocrx_word' id='word_1_149' title='bbox 1124 2339 1273 2404; x_wconf 86' lang='lat' dir='ltr'><strong>affirman-</strong></span> 
     </span>
     <span class='ocr_line' id='line_1_19' title="bbox 135 2452 1273 2541; baseline 0 -23"><span class='ocrx_word' id='word_1_150' title='bbox 135 2462 207 2520; x_wconf 90' lang='lat' dir='ltr'><strong>tem.</strong></span> <span class='ocrx_word' id='word_1_151' title='bbox 258 2455 446 2541; x_wconf 81' lang='lat' dir='ltr'><strong>Quamquem</strong></span> <span class='ocrx_word' id='word_1_152' title='bbox 471 2456 528 2519; x_wconf 88' lang='lat' dir='ltr'><strong>hoc</strong></span> <span class='ocrx_word' id='word_1_153' title='bbox 550 2458 582 2520; x_wconf 92' lang='lat' dir='ltr'><strong>in</strong></span> <span class='ocrx_word' id='word_1_154' title='bbox 605 2477 706 2519; x_wconf 89' lang='lat' dir='ltr'><strong>errore</strong></span> <span class='ocrx_word' id='word_1_155' title='bbox 729 2455 802 2519; x_wconf 89' lang='lat' dir='ltr'><strong>alios</strong></span> <span class='ocrx_word' id='word_1_156' title='bbox 818 2453 875 2518; x_wconf 88' lang='lat' dir='ltr'><strong>sibi</strong></span> <span class='ocrx_word' id='word_1_157' title='bbox 891 2459 1070 2538; x_wconf 87' lang='lat' dir='ltr'><strong>praeeuntes</strong></span> <span class='ocrx_word' id='word_1_158' title='bbox 1090 2452 1207 2518; x_wconf 85' lang='lat' dir='ltr'><strong>habuit.</strong></span> <span class='ocrx_word' id='word_1_159' title='bbox 1228 2491 1273 2503; x_wconf 84' lang='lat'><em>-</em></span> 
     </span>
     <span class='ocr_line' id='line_1_20' title="bbox 135 2566 1269 2654; baseline -0.004 -21"><span class='ocrx_word' id='word_1_160' title='bbox 135 2570 193 2633; x_wconf 80' lang='lat' dir='ltr'><strong>Sed</strong></span> <span class='ocrx_word' id='word_1_161' title='bbox 217 2591 255 2632; x_wconf 90' lang='lat' dir='ltr'><strong>ne</strong></span> <span class='ocrx_word' id='word_1_162' title='bbox 280 2569 384 2633; x_wconf 90' lang='lat' dir='ltr'><strong>multa.</strong></span> <span class='ocrx_word' id='word_1_163' title='bbox 432 2569 512 2634; x_wconf 88' lang='lat' dir='ltr'><strong>Mihi</strong></span> <span class='ocrx_word' id='word_1_164' title='bbox 536 2577 617 2635; x_wconf 89' lang='lat' dir='ltr'><strong>certe</strong></span> <span class='ocrx_word' id='word_1_165' title='bbox 641 2569 704 2648; x_wconf 89' lang='lat' dir='ltr'><strong>his,</strong></span> <span class='ocrx_word' id='word_1_166' title='bbox 720 2589 793 2654; x_wconf 89' lang='lat' dir='ltr'><strong>quas</strong></span> <span class='ocrx_word' id='word_1_167' title='bbox 813 2569 885 2631; x_wconf 82' lang='lat' dir='ltr'><strong>sotis</strong></span> <span class='ocrx_word' id='word_1_168' title='bbox 904 2568 968 2651; x_wconf 85' lang='lat' dir='ltr'><strong>jam</strong></span> <span class='ocrx_word' id='word_1_169' title='bbox 991 2566 1139 2630; x_wconf 78' lang='lat' dir='ltr'><strong>indietsse</strong></span> <span class='ocrx_word' id='word_1_170' title='bbox 1152 2567 1269 2640; x_wconf 87' lang='lat' dir='ltr'><strong>videor,</strong></span> 
     </span>
     <span class='ocr_line' id='line_1_21' title="bbox 133 2681 1272 2769; baseline -0.003 -23"><span class='ocrx_word' id='word_1_171' title='bbox 133 2683 172 2746; x_wconf 91' lang='lat' dir='ltr'><strong>de</strong></span> <span class='ocrx_word' id='word_1_172' title='bbox 201 2683 315 2748; x_wconf 87' lang='lat' dir='ltr'><strong>caussis</strong></span> <span class='ocrx_word' id='word_1_173' title='bbox 337 2682 507 2759; x_wconf 91' lang='lat' dir='ltr'><strong>Kochii,</strong></span> <span class='ocrx_word' id='word_1_174' title='bbox 541 2683 692 2769; x_wconf 85' lang='lat' dir='ltr'><strong>vulgatam</strong></span> <span class='ocrx_word' id='word_1_175' title='bbox 717 2704 776 2748; x_wconf 90' lang='lat' dir='ltr'><strong>non</strong></span> <span class='ocrx_word' id='word_1_176' title='bbox 801 2683 1011 2761; x_wconf 86' lang='lat' dir='ltr'><strong>sollicitantis,</strong></span> <span class='ocrx_word' id='word_1_177' title='bbox 1043 2681 1094 2746; x_wconf 91' lang='lat' dir='ltr'><strong>sed</strong></span> <span class='ocrx_word' id='word_1_178' title='bbox 1116 2682 1272 2745; x_wconf 88' lang='lat' dir='ltr'><strong>commode</strong></span> 
     </span>
     <span class='ocr_line' id='line_1_22' title="bbox 135 2795 838 2883; baseline 0 -23"><span class='ocrx_word' id='word_1_179' title='bbox 135 2796 324 2881; x_wconf 82' lang='lat' dir='ltr'><strong>explicantis,</strong></span> <span class='ocrx_word' id='word_1_180' title='bbox 351 2795 501 2882; x_wconf 86' lang='lat' dir='ltr'><strong>probanda</strong></span> <span class='ocrx_word' id='word_1_181' title='bbox 526 2799 646 2863; x_wconf 88' lang='lat' dir='ltr'><strong>videtur</strong></span> <span class='ocrx_word' id='word_1_182' title='bbox 669 2798 838 2883; x_wconf 86' lang='lat' dir='ltr'><strong>prudentia.</strong></span> 
     </span>
    </p>
   </div>
   <div class='ocr_carea' id='block_1_3' title="bbox 82 3133 1272 3567">
    <p class='ocr_par' dir='ltr' id='par_1_3' title="bbox 82 3133 1272 3567">
     <span class='ocr_line' id='line_1_23' title="bbox 182 3133 1270 3222; baseline 0.001 -25"><span class='ocrx_word' id='word_1_183' title='bbox 182 3137 199 3198; x_wconf 89' lang='lat'>1</span> <span class='ocrx_word' id='word_1_184' title='bbox 228 3133 327 3200; x_wconf 72' lang='lat' dir='ltr'><strong>ltress.</strong></span> <span class='ocrx_word' id='word_1_185' title='bbox 355 3135 411 3200; x_wconf 92' lang='lat' dir='ltr'><strong>IV.</strong></span> <span class='ocrx_word' id='word_1_186' title='bbox 434 3142 463 3202; x_wconf 84' lang='lat'><strong>9.</strong></span> <span class='ocrx_word' id='word_1_187' title='bbox 511 3137 614 3202; x_wconf 88' lang='lat' dir='ltr'><strong>Nimis</strong></span> <span class='ocrx_word' id='word_1_188' title='bbox 634 3155 738 3200; x_wconf 89' lang='lat' dir='ltr'><strong>secure</strong></span> <span class='ocrx_word' id='word_1_189' title='bbox 763 3136 813 3200; x_wconf 80' lang='lat' dir='ltr'><strong>hle</strong></span> <span class='ocrx_word' id='word_1_190' title='bbox 833 3136 985 3222; x_wconf 80' lang='lat' dir='ltr'><strong>vulgatum</strong></span> <span class='ocrx_word' id='word_1_191' title='bbox 1009 3135 1159 3220; x_wconf 89' lang='lat' dir='ltr'><strong>repudiat,</strong></span> <span class='ocrx_word' id='word_1_192' title='bbox 1179 3156 1270 3220; x_wconf 86' lang='lat' dir='ltr'><strong>quam</strong></span> 
     </span>
     <span class='ocr_line' id='line_1_24' title="bbox 135 3249 1271 3338; baseline 0.004 -27"><span class='ocrx_word' id='word_1_193' title='bbox 135 3268 222 3314; x_wconf 82' lang='lat' dir='ltr'><strong>sensu</strong></span> <span class='ocrx_word' id='word_1_194' title='bbox 241 3271 357 3314; x_wconf 83' lang='lat' dir='ltr'><strong>rossam</strong></span> <span class='ocrx_word' id='word_1_195' title='bbox 378 3249 464 3325; x_wconf 89' lang='lat' dir='ltr'><strong>dicit,</strong></span> <span class='ocrx_word' id='word_1_196' title='bbox 491 3251 650 3315; x_wconf 87' lang='lat' dir='ltr'><strong>lectionem</strong></span> <span class='ocrx_word' id='word_1_197' title='bbox 678 3254 779 3338; x_wconf 71' lang='grc' dir='ltr'><strong><em>ἔχετε.</em></strong></span> <span class='ocrx_word' id='word_1_198' title='bbox 827 3251 907 3330; x_wconf 83' lang='lat' dir='ltr'><strong>(lui,</strong></span> <span class='ocrx_word' id='word_1_199' title='bbox 940 3273 977 3315; x_wconf 84' lang='lat' dir='ltr'><strong>er</strong></span> <span class='ocrx_word' id='word_1_200' title='bbox 1007 3252 1189 3317; x_wconf 89' lang='lat' dir='ltr'><strong>auctoritate</strong></span> <span class='ocrx_word' id='word_1_201' title='bbox 1213 3251 1271 3316; x_wconf 86' lang='lat' dir='ltr'><strong>oo·</strong></span> 
     </span>
     <span class='ocr_line' id='line_1_25' title="bbox 82 3361 1272 3440; baseline 0.002 -14"><span class='ocrx_word' id='word_1_202' title='bbox 82 3387 89 3394; x_wconf 57' lang='lat'>²</span> <span class='ocrx_word' id='word_1_203' title='bbox 136 3362 237 3427; x_wconf 90' lang='lat' dir='ltr'><strong>dicum</strong></span> <span class='ocrx_word' id='word_1_204' title='bbox 264 3363 305 3427; x_wconf 92' lang='lat' dir='ltr'><strong>B.</strong></span> <span class='ocrx_word' id='word_1_205' title='bbox 334 3361 401 3428; x_wconf 57' lang='grc' dir='ltr'><strong>[Η</strong></span> <span class='ocrx_word' id='word_1_206' title='bbox 414 3364 452 3428; x_wconf 77' lang='lat' dir='ltr'><strong>F.</strong></span> <span class='ocrx_word' id='word_1_207' title='bbox 476 3365 532 3440; x_wconf 53' lang='grc' dir='ltr'><strong>(ὴ</strong></span> <span class='ocrx_word' id='word_1_208' title='bbox 556 3364 848 3430; x_wconf 84' lang='lat' dir='ltr'><strong>Lachmannnm</strong></span> <span class='ocrx_word' id='word_1_209' title='bbox 872 3372 995 3430; x_wconf 88' lang='lat' dir='ltr'><strong>secutus</strong></span> <span class='ocrx_word' id='word_1_210' title='bbox 1025 3387 1060 3430; x_wconf 89' lang='lat' dir='ltr'><strong>ac</strong></span> <span class='ocrx_word' id='word_1_211' title='bbox 1084 3365 1272 3430; x_wconf 76' lang='lat' dir='ltr'><strong>Tischer-</strong></span> 
     </span>
     <span class='ocr_line' id='line_1_26' title="bbox 135 3477 1272 3567; baseline 0.002 -27"><span class='ocrx_word' id='word_1_212' title='bbox 135 3477 322 3557; x_wconf 88' lang='lat' dir='ltr'><strong>dorfium,</strong></span> <span class='ocrx_word' id='word_1_213' title='bbox 344 3480 485 3564; x_wconf 83' lang='lat' dir='ltr'><strong>primam</strong></span> <span class='ocrx_word' id='word_1_214' title='bbox 506 3477 665 3544; x_wconf 84' lang='lat' dir='ltr'><strong>substituit</strong></span> <span class='ocrx_word' id='word_1_215' title='bbox 684 3499 848 3562; x_wconf 79' lang='lat' dir='ltr'><strong>personam</strong></span> <span class='ocrx_word' id='word_1_216' title='bbox 868 3479 1025 3564; x_wconf 78' lang='lat' dir='ltr'><strong>pluralem</strong></span> <span class='ocrx_word' id='word_1_217' title='bbox 1048 3481 1176 3567; x_wconf 71' lang='grc' dir='ltr'><strong><em>ἔχομεν.</em></strong></span> <span class='ocrx_word' id='word_1_218' title='bbox 1210 3478 1272 3544; x_wconf 87' lang='lat' dir='ltr'><strong>Pro</strong></span> 
     </span>
    </p>
   </div>
   <div class='ocr_carea' id='block_1_4' title="bbox 1 3583 1271 3684">
    <p class='ocr_par' dir='ltr' id='par_1_4' title="bbox 1 3583 1271 3684">
     <span class='ocr_line' id='line_1_27' title="bbox 1 3583 1271 3684; baseline 0.002 -30"><span class='ocrx_word' id='word_1_219' title='bbox 1 3666 11 3684; x_wconf 31' lang='grc' dir='ltr'><strong>θ</strong></span> <span class='ocrx_word' id='word_1_220' title='bbox 134 3594 196 3674; x_wconf 81' lang='lat' dir='ltr'><strong>qut</strong></span> <span class='ocrx_word' id='word_1_221' title='bbox 217 3583 355 3662; x_wconf 60' lang='lat' dir='ltr'><strong>lectione⁸</strong></span> <span class='ocrx_word' id='word_1_222' title='bbox 369 3593 451 3676; x_wconf 91' lang='lat' dir='ltr'><strong>quod</strong></span> <span class='ocrx_word' id='word_1_223' title='bbox 473 3592 638 3678; x_wconf 86' lang='lat' dir='ltr'><strong>Vulgatam</strong></span> <span class='ocrx_word' id='word_1_224' title='bbox 660 3592 769 3670; x_wconf 89' lang='lat' dir='ltr'><strong>etiam,</strong></span> <span class='ocrx_word' id='word_1_225' title='bbox 797 3592 856 3672; x_wconf 79' lang='lat' dir='ltr'><strong>ln,</strong></span> <span class='ocrx_word' id='word_1_226' title='bbox 878 3592 1060 3675; x_wconf 71' lang='lat' dir='ltr'><strong>chrysost,</strong></span> <span class='ocrx_word' id='word_1_227' title='bbox 1083 3591 1271 3678; x_wconf 80' lang='lat' dir='ltr'><strong>Theophyl.,</strong></span> 
     </span>
    </p>
   </div>
   <div class='ocr_carea' id='block_1_5' title="bbox 136 3705 1273 3784">
    <p class='ocr_par' dir='ltr' id='par_1_5' title="bbox 136 3705 1273 3784">
     <span class='ocr_line' id='line_1_28' title="bbox 136 3705 1273 3784; baseline 0.002 -14"><span class='ocrx_word' id='word_1_228' title='bbox 136 3705 392 3771; x_wconf 88' lang='lat' dir='ltr'><strong>Ambrosiastrum</strong></span> <span class='ocrx_word' id='word_1_229' title='bbox 412 3713 504 3772; x_wconf 89' lang='lat' dir='ltr'><strong>testes</strong></span> <span class='ocrx_word' id='word_1_230' title='bbox 528 3707 640 3779; x_wconf 81' lang='lat' dir='ltr'><strong>laudat:</strong></span> <span class='ocrx_word' id='word_1_231' title='bbox 665 3707 793 3770; x_wconf 85' lang='lat' dir='ltr'><strong>certiora</strong></span> <span class='ocrx_word' id='word_1_232' title='bbox 816 3707 890 3771; x_wconf 90' lang='lat' dir='ltr'><strong>haec</strong></span> <span class='ocrx_word' id='word_1_233' title='bbox 913 3708 1013 3772; x_wconf 81' lang='lat' dir='ltr'><strong>forent</strong></span> <span class='ocrx_word' id='word_1_234' title='bbox 1036 3708 1223 3784; x_wconf 83' lang='lat' dir='ltr'><strong>testimonia,</strong></span> <span class='ocrx_word' id='word_1_235' title='bbox 1247 3710 1273 3772; x_wconf 92' lang='lat' dir='ltr'><strong>si</strong></span> 
     </span>
    </p>
   </div>
   <div class='ocr_carea' id='block_1_6' title="bbox 131 3820 1274 4479">
    <p class='ocr_par' dir='ltr' id='par_1_6' title="bbox 131 3820 1274 4479">
     <span class='ocr_line' id='line_1_29' title="bbox 134 3820 1272 3908; baseline 0.004 -26"><span class='ocrx_word' id='word_1_236' title='bbox 134 3840 203 3898; x_wconf 90' lang='lat' dir='ltr'><strong>eos,</strong></span> <span class='ocrx_word' id='word_1_237' title='bbox 230 3820 328 3886; x_wconf 88' lang='lat' dir='ltr'><strong>locum</strong></span> <span class='ocrx_word' id='word_1_238' title='bbox 360 3821 406 3886; x_wconf 84' lang='lat' dir='ltr'><strong>vel</strong></span> <span class='ocrx_word' id='word_1_239' title='bbox 429 3828 639 3891; x_wconf 87' lang='lat' dir='ltr'><strong>convertentes</strong></span> <span class='ocrx_word' id='word_1_240' title='bbox 660 3821 707 3885; x_wconf 85' lang='lat' dir='ltr'><strong>vel</strong></span> <span class='ocrx_word' id='word_1_241' title='bbox 731 3827 1015 3896; x_wconf 87' lang='lat' dir='ltr'><strong>commemorantes,</strong></span> <span class='ocrx_word' id='word_1_242' title='bbox 1041 3823 1189 3908; x_wconf 88' lang='lat' dir='ltr'><strong>ipsissima</strong></span> <span class='ocrx_word' id='word_1_243' title='bbox 1212 3844 1272 3908; x_wconf 91' lang='lat' dir='ltr'><strong>po·</strong></span> 
     </span>
     <span class='ocr_line' id='line_1_30' title="bbox 134 3935 1270 4022; baseline 0.003 -24"><span class='ocrx_word' id='word_1_244' title='bbox 134 3935 197 3998; x_wconf 88' lang='lat' dir='ltr'><strong>tius</strong></span> <span class='ocrx_word' id='word_1_245' title='bbox 219 3935 285 4018; x_wconf 90' lang='lat' dir='ltr'><strong>ejus</strong></span> <span class='ocrx_word' id='word_1_246' title='bbox 309 3936 400 4000; x_wconf 84' lang='lat' dir='ltr'><strong>verba</strong></span> <span class='ocrx_word' id='word_1_247' title='bbox 420 3937 610 4022; x_wconf 83' lang='lat' dir='ltr'><strong>expressisse,</strong></span> <span class='ocrx_word' id='word_1_248' title='bbox 636 3956 726 4020; x_wconf 90' lang='lat' dir='ltr'><strong>quam</strong></span> <span class='ocrx_word' id='word_1_249' title='bbox 748 3935 875 4000; x_wconf 89' lang='lat' dir='ltr'><strong>liberius</strong></span> <span class='ocrx_word' id='word_1_250' title='bbox 891 3938 1068 4000; x_wconf 85' lang='lat' dir='ltr'><strong>sententiam</strong></span> <span class='ocrx_word' id='word_1_251' title='bbox 1090 3938 1270 4020; x_wconf 87' lang='lat' dir='ltr'><strong>reposuisse,</strong></span> 
     </span>
     <span class='ocr_line' id='line_1_31' title="bbox 134 4048 1274 4137; baseline 0.004 -26"><span class='ocrx_word' id='word_1_252' title='bbox 134 4048 251 4132; x_wconf 90' lang='lat' dir='ltr'><strong>liquido</strong></span> <span class='ocrx_word' id='word_1_253' title='bbox 282 4055 444 4115; x_wconf 84' lang='lat' dir='ltr'><strong>constaret.</strong></span> <span class='ocrx_word' id='word_1_254' title='bbox 493 4050 609 4116; x_wconf 88' lang='lat' dir='ltr'><strong>Verum</strong></span> <span class='ocrx_word' id='word_1_255' title='bbox 640 4051 714 4115; x_wconf 90' lang='lat' dir='ltr'><strong>haec</strong></span> <span class='ocrx_word' id='word_1_256' title='bbox 736 4073 796 4115; x_wconf 93' lang='lat' dir='ltr'><strong>non</strong></span> <span class='ocrx_word' id='word_1_257' title='bbox 828 4072 936 4137; x_wconf 87' lang='lat' dir='ltr'><strong>urgeo.</strong></span> <span class='ocrx_word' id='word_1_258' title='bbox 984 4052 1114 4116; x_wconf 83' lang='lat' dir='ltr'><strong>Gravius</strong></span> <span class='ocrx_word' id='word_1_259' title='bbox 1147 4055 1274 4116; x_wconf 89' lang='lat' dir='ltr'><strong>estnec</strong></span> 
     </span>
     <span class='ocr_line' id='line_1_32' title="bbox 133 4163 1271 4251; baseline 0.004 -25"><span class='ocrx_word' id='word_1_260' title='bbox 133 4169 244 4227; x_wconf 90' lang='lat' dir='ltr'><strong>temere</strong></span> <span class='ocrx_word' id='word_1_261' title='bbox 268 4163 506 4244; x_wconf 88' lang='lat' dir='ltr'><strong>eoncedendum,</strong></span> <span class='ocrx_word' id='word_1_262' title='bbox 530 4165 611 4250; x_wconf 89' lang='lat' dir='ltr'><strong>quod</strong></span> <span class='ocrx_word' id='word_1_263' title='bbox 633 4187 719 4230; x_wconf 83' lang='lat' dir='ltr'><strong>sensu</strong></span> <span class='ocrx_word' id='word_1_264' title='bbox 745 4187 862 4230; x_wconf 85' lang='lat' dir='ltr'><strong>cossam</strong></span> <span class='ocrx_word' id='word_1_265' title='bbox 885 4187 949 4230; x_wconf 90' lang='lat' dir='ltr'><strong>esse</strong></span> <span class='ocrx_word' id='word_1_266' title='bbox 967 4168 1144 4251; x_wconf 88' lang='lat' dir='ltr'><strong>pronuntiat</strong></span> <span class='ocrx_word' id='word_1_267' title='bbox 1165 4188 1271 4251; x_wconf 92' lang='lat' dir='ltr'><strong>recep·</strong></span> 
     </span>
     <span class='ocr_line' id='line_1_33' title="bbox 132 4281 1272 4367; baseline 0.01 -27"><span class='ocrx_word' id='word_1_268' title='bbox 132 4281 210 4356; x_wconf 90' lang='lat' dir='ltr'><strong>tam,</strong></span> <span class='ocrx_word' id='word_1_269' title='bbox 233 4299 323 4362; x_wconf 88' lang='lat' dir='ltr'><strong>quam</strong></span> <span class='ocrx_word' id='word_1_270' title='bbox 341 4282 550 4363; x_wconf 47' lang='lat' dir='ltr'><strong>&gt;promissorias</strong></span> <span class='ocrx_word' id='word_1_271' title='bbox 575 4291 689 4346; x_wconf 80' lang='lat' dir='ltr'><strong>rectam</strong></span> <span class='ocrx_word' id='word_1_272' title='bbox 719 4281 851 4366; x_wconf 88' lang='lat' dir='ltr'><strong>adeoque</strong></span> <span class='ocrx_word' id='word_1_273' title='bbox 882 4282 954 4346; x_wconf 93' lang='lat' dir='ltr'><strong>huic</strong></span> <span class='ocrx_word' id='word_1_274' title='bbox 979 4282 1046 4346; x_wconf 91' lang='lat' dir='ltr'><strong>loco</strong></span> <span class='ocrx_word' id='word_1_275' title='bbox 1076 4283 1149 4346; x_wconf 89' lang='lat' dir='ltr'><strong>satis</strong></span> <span class='ocrx_word' id='word_1_276' title='bbox 1172 4287 1272 4367; x_wconf 89' lang='lat' dir='ltr'><strong>aptam</strong></span> 
     </span>
     <span class='ocr_line' id='line_1_34' title="bbox 131 4394 1272 4479; baseline 0.005 -26"><span class='ocrx_word' id='word_1_277' title='bbox 131 4412 211 4471; x_wconf 91' lang='lat' dir='ltr'><strong>esse,</strong></span> <span class='ocrx_word' id='word_1_278' title='bbox 223 4413 278 4459; x_wconf 87' lang='lat' dir='ltr'><strong>suo</strong></span> <span class='ocrx_word' id='word_1_279' title='bbox 293 4394 420 4479; x_wconf 91' lang='lat' dir='ltr'><strong>quisque</strong></span> <span class='ocrx_word' id='word_1_280' title='bbox 432 4395 520 4460; x_wconf 92' lang='lat' dir='ltr'><strong>modo</strong></span> <span class='ocrx_word' id='word_1_281' title='bbox 541 4395 1050 4462; x_wconf 81' lang='lat' dir='ltr'><strong>etPeltiusdemonstraveratet</strong></span> <span class='ocrx_word' id='word_1_282' title='bbox 1069 4394 1272 4460; x_wconf 85' lang='lat' dir='ltr'><strong>Schottus</strong></span> 
     </span>
    </p>
   </div>
   <div class='ocr_carea' id='block_1_7' title="bbox 0 0 1407 4958">
    <p class='ocr_par' dir='ltr' id='par_1_7' title="bbox 0 0 1407 4958">
     <span class='ocr_line' id='line_1_35' title="bbox 0 0 1407 4958; baseline 0 0"><span class='ocrx_word' id='word_1_283' title='bbox 0 0 1407 4958; x_wconf 95' lang='lat' dir='ltr'><strong> </strong></span> 
     </span>
    </p>
   </div>
  </div>
 </body>
</html>
