2782 4958
207 344 273 414 226
668 358 880 409 ourrarrorrs.

202 555 243 603 -ac
265 554 338 617 quas
359 553 413 623 per
436 552 552 600 caussas
567 530 678 599 factum
701 531 742 601 sit
755 535 792 600 ut
806 550 958 599 sacromrn
973 530 1133 599 librorum
1148 534 1183 601 in
1200 535 1348 603 Canouen

206 648 367 712 ,θοονὶοοοο
389 645 447 710 hoc
471 645 653 730 reciperetur
677 646 862 713 maronam
885 646 949 730 (l)·.

755 849 798 905 II.

255 989 468 1075 Epistularum,
492 1012 568 1075 quse
592 991 675 1055 Novo
690 992 877 1055 Testamenta
894 991 1100 1068 continentur,
1118 991 1346 1076 apostolicarum

211 1106 348 1173 omniurn
370 1106 576 1190 antiquissima
598 1131 660 1174 esse
682 1108 824 1190 ridetur,
848 1130 925 1192 qnae
947 1109 1056 1175 Jacobs
1078 1107 1251 1186 tribuitur,
1276 1110 1347 1194 epis·

211 1216 284 1295 tola;
317 1219 405 1302 cujus
438 1221 590 1287 neminem
623 1220 747 1304 majore,
780 1220 839 1284 nisi
874 1219 1038 1297 cridentid,
1072 1226 1103 1285 at
1137 1220 1346 1306 probabilitate

211 1338 363 1399 auctorem
380 1331 567 1416 habebimus,
585 1356 676 1418 quum
698 1335 852 1416 docebam,
876 1336 1011 1414 Adsidet
1033 1333 1147 1418 filium,
1172 1339 1346 1422 cognomine

210 1451 268 1518 τὸν
293 1453 440 1534 Μικρὸν,
466 1448 570 1513 Virum
592 1450 787 1534 magnanon
818 1447 1051 1515 Christianorum
1074 1447 1186 1527 solum,
1220 1451 1273 1515 sed
1293 1451 1344 1515 Ja-

211 1563 350 1632 derorum
373 1561 463 1631 etiam
485 1562 706 1631 existimatione
728 1583 829 1631 usum.
876 1565 919 1633 Eo
942 1564 1111 1649 conroripta
1134 1570 1180 1629 est
1203 1570 1341 1652 tempora,

213 1697 286 1760 quo,
319 1674 355 1743 ab
384 1676 434 1743 dia
454 1677 590 1743 nondum
621 1675 709 1762 plane
738 1677 879 1761 sejuncti,
912 1700 971 1743 una
1002 1700 1072 1745 cum
1100 1680 1140 1745 iis
1168 1680 1342 1766 Synapopam

212 1791 295 1859 adire
316 1797 530 1860 consueverant
553 1791 724 1860 Christiani.
773 1793 907 1868 Quorum
928 1793 1026 1878 igitur
1047 1794 1196 1877 ipsorum,
1225 1792 1294 1879 Cap.
1309 1794 1339 1859 ΙΙ.

211 1929 237 1974 s.
253 1908 286 1984 2,
304 1915 364 1993 τὴν
388 1915 596 1991 Σννονοογήν
617 1905 776 1975 memorari
796 1927 859 1971 non
874 1907 970 1992 magis
983 1905 1156 1973 mirandum
1170 1911 1231 1983 est,
1249 1928 1338 1990 qnam,

213 2023 280 2106 tap.
306 2024 341 2088 V.
365 2043 391 2086 a.
417 2023 452 2103 i,
475 2021 654 2089 iudaeorum
678 2020 767 2105 plone
789 2042 827 2087 ex
842 2042 925 2087 more
939 2027 1064 2110 Κύριον
1080 2027 1242 2110 Σαβαὼθ
1256 2023 1339 2084 Deam

198 2133 367 2220 appellari.
415 2137 560 2221 Inscripta
583 2137 664 2203 enim
684 2140 748 2201 erat
763 2134 900 2220 epistola,
926 2135 997 2219 Gap.
1023 2135 1048 2200 1.
1066 2156 1092 2198 s.
1114 2137 1148 2218 1,
1173 2157 1251 2218 non,
1272 2134 1340 2220 qnod

212 2254 445 2333 exspectaveras.
473 2252 637 2327 ἐκλεκτοῖς
658 2249 834 2335 singulatim
858 2251 1037 2336 discrepata
1049 2249 1106 2331 (ct.
1127 2251 1243 2317 lPetr.
1260 2252 1283 2317 Ι.
1301 2249 1338 2336 l];

211 2363 263 2431 ced
285 2364 423 2433 universe
442 2375 515 2442 ταῖς
537 2366 666 2433 δώδεκα
690 2365 809 2449 φυλαῖς
825 2374 898 2441 ταῖς
923 2369 959 2434 ἐν
982 2373 1023 2451 τῇ
1042 2365 1157 2438 dacom-
1173 2403 1218 2414 —
1231 2363 1341 2431 Aneiai

211 2477 307 2562 igitur
337 2500 400 2543 non
428 2478 462 2544 id
491 2477 589 2544 solum
623 2478 813 2563 propositum
838 2478 899 2548 fuit
920 2476 1092 2558 consilium,
1129 2484 1167 2544 ut
1199 2478 1341 2550 Fratribus

212 2613 303 2674 qnam
326 2597 428 2661 sancte
442 2592 568 2659 iudaeus
582 2594 662 2658 inter
681 2597 712 2659 ot
727 2592 835 2659 Gentes
850 2591 1016 2659 vivendum
1028 2597 1105 2657 esset
1120 2593 1339 2668 demonstraret

213 2709 267 2774 ced
289 2706 394 2775 eadem
416 2706 506 2771 etiarn
522 2709 613 2790 operi
628 2706 679 2780 iis,
701 2705 755 2788 qui
777 2704 913 2770 nondum
930 2704 1047 2771 Christo
1061 2726 1173 2770 nornen
1197 2706 1341 2780 dederant,

211 2816 365 2899 Israelitis,
382 2820 641 2896 propmdeutiacm
663 2818 760 2888 veluti
780 2818 914 2889 uuam
944 2820 1058 2904 aperire
1080 2818 1194 2902 voluit,
1228 2823 1289 2904 qut
1311 2817 1343 2883 ad

212 2931 452 3017 amplectendum
474 2933 706 3001 informarentur
720 2956 755 3001 ao
769 2940 1012 3019 praepararentur
1026 2934 1243 3021 Euangelium.
1274 2936 1343 3010 Ono·

214 3047 293 3116 circa
316 3047 435 3116 Domini
458 3068 527 3115 cum
550 3051 684 3117 oratione
709 3051 856 3117 mentuunt
874 3049 1093 3132 quodammodo
1115 3049 1202 3115 illius
1233 3071 1344 3135 compa·

212 3148 272 3232 rari
295 3168 422 3249 possunt
447 3163 679 3231 adhortationes.
725 3166 759 3230 ln
789 3164 957 3250 promiscuo
988 3165 1084 3250 igitur
1107 3164 1289 3238 ludaeorum
1315 3184 1345 3227 ac

214 3277 450 3345 Christianorum
470 3300 611 3346 consessu
629 3284 665 3344 ut
686 3280 751 3346 sine
774 3280 883 3365 magna
905 3279 1028 3346 teroem
1042 3280 1211 3349 offensione
1233 3278 1345 3347 recitari

212 3398 313 3478 posset
342 3391 480 3477 epistola,
513 3399 599 3459 cante
632 3415 667 3459 aa
698 3397 784 3459 erant
812 3393 962 3474 evitanda,
994 3413 1070 3476 qnae
1092 3393 1226 3461 nimium
1248 3412 1345 3465 eornm

212 3506 321 3577 animis
344 3508 532 3578 σκάνδαλον
556 3508 692 3592 paritura
711 3507 847 3573 fuissent.

257 3623 319 3687 risa
349 3621 484 3696 demum,
516 3641 606 3703 quam
635 3619 921 3696 commendavimus,
955 3619 991 3683 de
1019 3620 1124 3705 scripti
1153 3625 1289 3706 ternpore
1316 3639 1346 3682 ao

212 3734 337 3800 consilio
360 3733 486 3821 probati
508 3735 674 3813 sententid,
709 3754 763 3798 cur
784 3734 897 3799 facturn
920 3734 960 3799 sit
981 3733 1179 3820 probabiliter
1201 3734 1347 3820 explicare

212 3843 379 3936 poterimus
408 3854 456 3928 ut,
483 3871 561 3935 quae
590 3850 757 3934 decapolis
786 3849 923 3935 propriae
944 3849 1104 3934 privaeque
1127 3853 1213 3927 sunt,
1247 3847 1347 3912 salutis

224 3993 388 4003 Μ.-

249 4064 284 4122 ii)
302 4063 396 4115 Ratira
414 4063 491 4115 etiarn
509 4063 622 4125 libellus,
642 4071 670 4114 ut
689 4063 771 4114 obiter
789 4064 837 4114 boc
854 4076 983 4122 moneam,
1001 4059 1114 4113 Juds'canr
1131 4062 1192 4113 libri
1208 4062 1300 4113 terta‘om
1318 4062 1347 4111 ab

214 4160 289 4212 initio
305 4158 456 4225 appendicem
474 4160 551 4213 (nunc
573 4158 641 4210 enirn
659 4157 806 4215 durarunt)
825 4157 981 4207 continuisse
1000 4156 1062 4206 mihi
1081 4156 1193 4216 ridetur,
1217 4171 1248 4207 ac
1267 4161 1346 4220 postc-

215 4254 281 4304 riore
308 4255 411 4304 demum
437 4260 550 4316 tempore
576 4251 635 4302 hino
663 4251 792 4316 sejunctus
809 4266 864 4302 esse
879 4259 954 4315 atque
971 4251 1083 4302 avulsus.
1125 4250 1166 4300 Ne
1185 4251 1218 4301 de
1236 4249 1347 4316 pluribus

214 4346 311 4405 dicam,
338 4346 383 4411 qui
409 4345 476 4397 maia
499 4344 591 4394 divulsi
618 4353 687 4403 sunt,
712 4342 831 4394 Psalmis.
866 4341 907 4393 De
922 4341 1034 4394 Danielis
1056 4349 1136 4408 atque
1154 4341 1241 4394 Errare
1258 4341 1347 4394 addita·

214 4437 305 4490 mentis
322 4436 475 4502 apocryphis
494 4436 666 4488 consulendus
685 4445 722 4488 est
740 4437 981 4502 Muntinghius.
