2828 4950
471 376 631 420 crcauosrs
654 377 694 418 aa
719 377 775 418 ono
801 377 965 419 oocrarna.
1220 361 1281 422 173

142 545 251 628 placita
281 545 316 606 eb
340 542 502 606 declaravit
524 545 736 628 perspicuitate
764 550 852 627 atque
884 543 1054 628 elegantia,
1080 566 1170 628 quam
1195 545 1278 610 nulla

142 679 282 742 superare
313 663 413 740 posset
446 658 616 722 mortalium
647 658 769 742 linguae
796 657 946 720 facundia.
996 658 1100 738 Quid,
1126 659 1206 742 quod
1232 659 1278 722 vel

143 774 272 836 maxime
296 773 418 855 jejuna,
451 773 476 834 si
500 792 576 854 quae
600 772 728 835 subinde
759 771 1010 855 persequebatur,
1042 780 1218 859 argumenta
1241 775 1280 836 iis

143 907 211 950 eum
243 891 491 970 conspergentem
521 886 657 949 videmus
689 887 808 949 Atticae
837 887 962 949 facetiae
985 894 1075 970 atque
1098 886 1279 950 urbanitatis

141 999 264 1079 salibus,
291 999 401 1084 quibua
424 999 587 1083 singularis
610 1000 718 1083 aliquis
744 1000 790 1061 his
814 1002 887 1083 ipsis
910 999 992 1083 lepos
1013 999 1224 1087 conciliaretur
1245 1021 1279 1064 ac

142 1119 294 1176 venustas.
344 1113 413 1176 Nec
437 1115 559 1198 paucis,
586 1118 646 1196 qud
669 1116 892 1199 Philosophiam
917 1116 1052 1190 ornavit,
1077 1117 1199 1199 scriptis
1222 1116 1280 1178 ele·

141 1233 264 1310 gentem
283 1249 347 1290 eam
368 1228 576 1313 charagiorum,
605 1252 641 1292 ex
665 1231 846 1293 Socratis
869 1205 1058 1311 potissimum
1081 1230 1280 1293 Platonis·

141 1362 212 1424 que
235 1340 352 1405 Scholia
376 1344 549 1425 repetitam,
576 1342 687 1405 indidit
710 1345 849 1419 sormam,
877 1345 936 1426 qua
959 1343 1062 1421 lieret,
1091 1349 1126 1405 ut
1149 1343 1185 1405 ad
1208 1342 1279 1406 Phi·

111 1541 116 1545 .
141 1454 352 1538 losophorum,
379 1477 455 1538 quos
478 1454 682 1539 colloquentes
705 1457 842 1527 inducit,
869 1477 1025 1520 consessus
1046 1457 1168 1520 admissi
1193 1456 1280 1521 uobis

142 1570 314 1632 videremur
337 1569 624 1653 disputationesque.
674 1575 775 1653 Atque
799 1592 834 1632 eo
860 1571 979 1654 majoris
1002 1570 1075 1634 haec
1097 1571 1281 1634 aestimanda

144 1689 216 1747 suut
238 1685 303 1767 ejus
328 1684 454 1758 merita,
480 1706 540 1768 quo
563 1685 663 1768 plures
686 1687 765 1748 scitu
788 1685 994 1769 dignissimas,
1019 1707 1094 1770 quae
1119 1688 1155 1750 ad
1177 1687 1277 1752 Grae·

146 1820 250 1863 aarum
284 1800 473 1882 potissimum
509 1799 669 1882 sapientiae
701 1797 855 1862 historiam
888 1800 1098 1881 pertinebant,
1133 1803 1276 1876 notitias,

144 1935 264 1998 quoque
288 1913 458 1978 uberiorem
481 1913 631 1997 praeclare
655 1912 840 1996 sapientibus
856 1935 871 1974 a
889 1912 973 1975 Viris
996 1911 1146 1976 dictorum
1163 1915 1278 1998 copiam

144 2051 197 2094 saa
220 2051 273 2114 per
296 2032 409 2114 scripta
432 2030 514 2094 solus
538 2029 574 2093 ab
597 2028 748 2093 oblivione
774 2030 950 2104 vindicavit,
975 2036 1063 2110 atque
1087 2028 1122 2089 ad
1146 2035 1278 2092 nostram

145 2143 219 2206 adeo
242 2145 419 2228 propagavit
448 2149 574 2209 aetatem
607 2164 640 2205 ac
664 2144 880 2226 cognitionem.
930 2140 1012 2212 Quid
1038 2140 1154 2203 multa?
1179 2142 1279 2205 Nemo

145 2259 224 2323 vixit
253 2279 386 2342 unquam
416 2259 590 2335 Romanus,
623 2258 710 2340 cnjus
741 2257 908 2339 exemplum
940 2262 1029 2338 atque
1056 2256 1218 2318 auctoritas
1242 2256 1279 2318 ad
1363 2233 1367 2239 ⁵

144 2372 282 2456 Europae
306 2373 442 2436 cultioris
465 2353 564 2436 studia
587 2370 798 2453 Philosophiae
821 2368 1008 2432 concilianda
1030 2389 1064 2431 ac
1081 2368 1278 2434 devincienda

145 2487 288 2569 majorem
312 2487 373 2549 vim
404 2485 543 2550 habuerit
570 2506 604 2547 ac
629 2487 725 2569 magis
753 2486 929 2548 diuturnam
954 2483 1162 2561 efficientiam,
1189 2504 1278 2568 quam
1310 2571 1313 2575 Ι

145 2598 291 2662 Cicero
321 2598 390 2673 ille,
424 2598 510 2680 cujus
541 2596 634 2661 libros
657 2600 739 2680 ipsae
763 2597 974 2679 conscripsisse
1005 2597 1145 2661 videntur
1172 2598 1277 2662 Musae

146 2710 193 2774 vel
218 2711 339 2774 Gratiae
364 2710 424 2793 (l).

189 3045 248 3109 Sed
273 3045 311 3108 ad
334 3044 410 3108 illud
431 3045 492 3126 jam
516 3066 652 3129 gressum
676 3047 819 3109 faciamus
843 3055 1053 3133 argumentum
1071 3058 1085 3122 ,'
1112 3050 1191 3133 quod
1215 3072 1275 3113 non

141 3159 289 3243 explicare
312 3158 451 3243 quidem,
483 3161 534 3223 sed
559 3160 690 3224 breviter
713 3168 813 3223 tamen
845 3182 912 3225 cum
936 3163 1100 3226 lectoribus
1123 3165 1276 3247 inquirere

140 3295 196 3337 nos
220 3273 311 3350 velle,
337 3294 427 3357 supra
449 3275 573 3357 professi
597 3294 710 3337 sumus.
757 3274 854 3337 Sicuti
878 3277 975 3359 igitur
990 3278 1132 3340 universa
1149 3278 1185 3340 de
1202 3277 1275 3340 Phi-

136 3465 237 3475 ..ι-ι.»-
248 3469 291 3476 -...

174 3597 214 3660 (l)
234 3595 273 3646 Ne
292 3598 360 3661 quis,
379 3598 485 3648 Tullii
509 3613 594 3648 amore
617 3601 765 3664 abreptum,
792 3600 868 3650 nimis
892 3602 976 3664 ample
995 3602 1025 3650 da
1043 3602 1097 3663 ejus
1120 3603 1215 3651 meritis
1233 3616 1277 3657 me,

140 3690 236 3739 dixisse
253 3697 334 3754 putet,
354 3692 471 3754 Krugii
491 3692 539 3740 hoe
555 3692 650 3750 audiat,
671 3692 729 3742 Viri
747 3694 930 3752 litteratissimi,
958 3695 984 3743 in
1010 3710 1085 3758 quem
1112 3695 1183 3743 nulla
1209 3694 1274 3757 ejus·

139 3783 208 3832 modi
225 3785 391 3833 conveniebat
409 3784 528 3846 suspicio,
546 3785 719 3834 testimonium
737 3785 944 3834 disertissimum:
963 3784 1021 3834 »Εν
1045 3785 1085 3833 hat
1099 3803 1144 3834 aar
1167 3785 1274 3836 Verhrea'·

140 3882 213 3939 otunq
232 3873 283 3923 aad
298 3873 436 3940 Erhnlhmp
459 3875 500 3924 des
520 3875 722 3939 philosophicahea
742 3875 863 3927 Studiams
879 3877 903 3926 ia
926 3875 1029 3941 Europa
1046 3877 1109 3926 mehr
1131 3877 1169 3926 als
1191 3877 1277 3943 irpend

138 3968 196 4018 »ciri
211 3967 301 4016 Εὔνηον
326 3969 481 4033 ba'qatrapen.
516 3969 587 4018 Dana
607 3985 656 4019 wer
676 3986 730 4034 map
752 3970 887 4029 hereehnen,
904 3971 947 4019 wie
966 3969 1012 4018 aiei
1027 3971 1176 4034 aarapdischc
1191 3970 1276 4034 Ka‘pfh

138 4060 232 4110 ›rdurch
251 4061 314 4110 seina
334 4077 360 4108 so
376 4060 422 4110 viai
439 4060 560 4126 patescant
575 4059 697 4126 Schriften
715 4071 796 4111 auersi
810 4079 863 4110 zum
884 4061 1067 4125 Philosophiren
1084 4071 1196 4127 anperept
1215 4078 1275 4111 wor-

137 4152 229 4203 »den.''
263 4152 323 4202 Vid.
342 4153 411 4201 illius
435 4151 518 4218 alaeue.
544 4153 768 4204 Haadaah'rterbuch
791 4154 835 4204 der
859 4154 946 4219 philos.
977 4153 1186 4218 Wisseuschaflcn,
1213 4169 1275 4204 voce

139 4244 265 4296 Cicero.
292 4271 324 4282 -
353 4245 545 4304 Nobilissimos‚
573 4247 616 4311 qui
634 4249 665 4296 de
687 4247 792 4297 Tullii
814 4246 969 4311 Philosophia*
993 4255 1114 4309 egerunt,
1142 4247 1274 4310 scriptores
1366 4237 1368 4240 ⁵

137 4341 206 4388 idem
231 4339 344 4393 laudavit
366 4339 527 4402 nangius,
553 4342 578 4388 in
607 4341 687 4389 libro:
713 4337 849 4390 Gesehichtc
874 4341 917 4389 der
942 4338 1095 4403 Philosophia
1121 4339 1180 4389 alter
1203 4339 1272 4399 Zeia,

135 4430 259 4480 caraehml.
279 4441 344 4480 anter
363 4428 476 4481 Grieeheu
498 4449 521 4481 a.
540 4431 653 4490 liderla-n,-
672 4434 711 4482 ed.
730 4439 745 4482 2
764 4433 847 4506 (Lipa
868 4433 941 4496 1827)
960 4448 986 4496 p.
1004 4439 1051 4482 383
1071 4448 1106 4495 sq.
