2782 4958
499 353 539 394 nr
561 351 658 394 cinare
682 350 876 394 nrnrrronrs.
1190 331 1251 394 ΠΙ

121 520 272 585 acciacae
295 520 327 582 in
351 518 452 584 libello
469 519 739 604 reprehenduntur,
757 541 790 581 ea
798 519 899 597 primo
914 518 1154 585 Maccahaeorum
1170 522 1260 585 etiam

122 640 177 698 aut
199 636 275 699 Jeca
297 634 440 698 Siracidr‘e
461 632 539 697 libro
561 633 622 697 sint
645 632 825 717 objicienda.
851 673 894 684 -
910 634 1028 697 Utinam
1049 655 1131 714 vero,
1156 656 1261 720 apau-

121 749 167 811 cis
200 748 330 823 laudata,
367 746 523 830 omnibus,
553 749 606 830 qni
641 747 698 811 hec
732 746 769 811 de
803 750 907 812 causa
940 749 1080 832 suffragia
1110 746 1259 826 tulerunt,

122 861 285 948 Theologis
306 863 455 926 moderata
484 861 611 926 coasilia
635 859 833 945 placuissent,
859 884 934 946 quae
963 862 1035 925 olim
1061 863 1263 948 Ooafeaec'oaa'o

121 981 244 1039 nostrae
267 976 506 1040 Nedorlaadc'cae
529 978 672 1040 ductores
695 977 885 1060 praeiverunt
915 978 1013 1059 iisque
1045 978 1263 1042 consentientes

123 1091 231 1155 Patrae
256 1091 466 1155 Dordraceai!
490 1093 526 1154 Et
548 1091 669 1154 illoram
693 1090 827 1154 enimet
850 1092 951 1155 horam
973 1090 1116 1174 prudenti
1129 1090 1259 1176 judicio,

123 1226 188 1268 non
210 1210 322 1269 temere
344 1204 557 1269 contemnendi
587 1210 658 1268 sunt
681 1202 713 1266 hi
735 1202 805 1268 libri
835 1225 891 1267 nec
912 1209 930 1267 a
953 1202 1126 1268 Christianis
1157 1205 1261 1291 negli-

122 1320 229 1405 gendi,
254 1342 309 1384 nec
330 1325 431 1384 tamen
454 1320 604 1385 canonicis
626 1321 660 1383 V.
686 1321 719 1384 T.
745 1318 863 1403 scriptis
886 1320 1098 1403 aequiparandi
1120 1323 1134 1406 (
1158 1321 1181 1403 ).

171 1766 277 1827 Verum
301 1784 339 1827 ne
361 1765 394 1827 in
417 1763 582 1829 acrioribus
604 1764 725 1849 quidem
747 1763 991 1849 apocryphorum
1007 1767 1259 1852 vituperatoribus

123 1877 285 1960 quisquam
307 1876 394 1942 facilc
417 1878 521 1952 filerit,
558 1879 611 1963 qui
638 1878 686 1943 vel
718 1878 877 1964 Theologis
908 1900 942 1943 ea
969 1881 1175 1965 cognoscenda
1198 1904 1261 1946 esse

123 1998 229 2076 neget,
256 1990 304 2054 vel
326 1991 362 2056 ad
385 1996 553 2057 accuratam
576 1990 698 2058 illorum
722 1993 925 2078 cognitionem
942 2015 958 2056 a
973 1992 1117 2058 brevioris
1134 1993 1261 2079 alicujus

122 2107 232 2170 acaia
253 2127 311 2171 usu
333 2105 452 2170 nullum
475 2107 512 2169 iis
534 2105 715 2191 sperandum
738 2128 800 2170 esse
831 2107 964 2171 fructum
988 2108 1156 2173 contendat.
1205 2109 1263 2172 Cu·

120 2220 258 2303 jusmodi
291 2227 391 2286 antem
418 2220 552 2284 subsidio
581 2241 637 2283 nos
660 2220 757 2285 adhuc
780 2221 908 2284 carnisse
931 2242 1019 2285 nemo
1042 2223 1139 2286 nescit
1161 2221 1262 2307 paullo

124 2335 264 2418 peritior.
293 2333 554 2400 Schleusneri
578 2335 699 2417 quidem
722 2333 855 2399 exstabat
877 2335 981 2400 Nomas
998 2335 1162 2399 Tarsouras
1172 2337 1260 2415 part.

124 2449 212 2524 crit„
237 2449 301 2513 oica
323 2448 454 2512 Barbara
476 2449 511 2512 c'a
533 2450 604 2511 LXX
628 2457 658 2512 ct
677 2449 805 2533 retiquae
828 2449 934 2528 Iaqap.
967 2453 1089 2516 Graecos
1114 2473 1149 2515 ac
1163 2451 1263 2533 Saar-

125 2573 205 2627 torca
227 2565 402 2650 apooypdoc
431 2563 469 2626 V.
496 2564 530 2626 Τ.
560 2561 617 2648 (2).
663 2565 766 2645 Neque
793 2583 843 2625 eos
872 2563 1009 2646 equidem
1043 2563 1184 2646 laudabo,
1208 2569 1262 2651 qui

127 2676 414 2752 Schleusnero,
439 2678 527 2762 cujus
550 2699 638 2762 opera
662 2676 766 2742 multis
782 2678 907 2760 profuit,
926 2679 1144 2743 contemnendo
1162 2681 1262 2744 nescio

126 2813 216 2874 quarn
241 2790 421 2855 eruditionis
444 2813 478 2855 ac
500 2789 676 2855 subtilitatis
702 2792 910 2876 grammaticae
941 2792 999 2856 sibi
1025 2799 1172 2876 quaerunt
1194 2793 1262 2880 glo·

126 2905 243 2969 riolam.
291 2905 349 2970 Sed
373 2907 475 2970 Virum
506 2908 609 2970 nostra
640 2906 676 2969 de
709 2905 868 2990 disciplina
895 2904 971 2971 bene
1000 2908 1140 2973 meritum
1160 2908 1259 2994 plena,

125 3023 188 3102 qud
208 3041 262 3083 nos
288 3019 377 3083 hodie
404 3021 537 3098 utimur,
571 3019 756 3104 Philologiae
785 3040 881 3083 sacrae
911 3019 966 3085 lux
1000 3020 1175 3087 collustrare
1198 3046 1259 3088 non

125 3135 239 3217 potuit.
289 3135 340 3205 Ac.
365 3134 390 3197 si
412 3132 458 3198 vel
482 3135 641 3218 potuisset,
666 3155 766 3196 nonne
781 3138 880 3198 tamen
898 3132 993 3210 illius,
1019 3136 1100 3218 quod
1115 3137 1258 3218 diximus,

126 3269 214 3332 opus,
239 3249 462 3313 Ateaaadra‘aoc
479 3247 569 3312 simul
592 3246 783 3332 complexum
811 3248 849 3310 V.
869 3247 904 3310 P.
924 3247 1106 3328 [crearetur
1128 3250 1262 3334 adeoque

128 3363 255 3446 quiaque
277 3368 416 3426 constans
440 3363 655 3441 Vamaccura,
682 3384 719 3426 ne
746 3360 825 3425 mole
838 3366 893 3427 sua
911 3367 942 3425 et
962 3361 1160 3446 'amplitudine
1183 3367 1263 3448 Apo·

128 3474 310 3560 cryphorum
326 3475 466 3541 lectorem
478 3499 495 3540 a
505 3477 681 3560 quotidiano
701 3477 862 3541 deterreret
877 3496 934 3539 usu
946 3477 1109 3542 verendum
1124 3480 1208 3544 erat?
1219 3515 1261 3528 »-

129 3592 209 3664 Quae
234 3610 328 3673 quum
356 3591 399 3654 ita
421 3595 529 3665 essent,
560 3587 720 3654 utilissimo
743 3590 876 3672 profecto
903 3590 1054 3666 instituto,
1081 3590 1171 3678 longe
1197 3593 1262 3659 bre·

128 3705 210 3766 viore
233 3707 335 3787 parata
357 3710 445 3788 atque
465 3704 558 3780 edita,
582 3725 657 3787 quae
679 3702 750 3766 solis
772 3702 817 3766 his
840 3703 1023 3769 tribueretur
1041 3703 1138 3785 libris,
1161 3706 1260 3787 Clari,

128 3837 232 3879 eornm
257 3815 487 3901 intelligentiam
510 3817 667 3882 facilitavit
684 3816 873 3882 Wahlins.
912 3820 953 3881 De
973 3819 1059 3902 cujus
1084 3820 1180 3903 ipsius
1194 3822 1262 3884 fatis

165 4054 200 4110 (l)
218 4051 245 4100 A
259 4055 429 4104 modaratlone
443 4055 505 4104 mihi
519 4057 692 4106 commendari
704 4057 821 4107 videntur
839 4064 914 4120 atque
932 4072 948 4105 a
959 4057 1095 4121 sapientia,
1111 4072 1176 4122 quae
1189 4058 1260 4121 Apo·

128 4146 281 4208 cryphorum
300 4147 331 4195 de
350 4163 397 4196 usu
415 4157 439 4196 et
458 4150 619 4207 anctoritate,
638 4158 685 4199 art.
712 4156 741 4208 6,
751 4149 816 4212 sadai
833 4149 955 4214 ‹ronssssio
972 4151 1058 4200 statuit
1073 4148 1262 4200 Nederlandr'ca.

129 4237 178 4287 Cui
197 4236 307 4303 Syuodas
325 4242 431 4290 assensit
449 4240 544 4290 Dordr.
579 4240 616 4291 Cf.
637 4242 776 4303 Brandt,
797 4241 862 4292 Hiar.
881 4241 923 4290 der
944 4240 1099 4305 Reformarr'a,
1120 4242 1193 4292 Tom.
1213 4242 1262 4292 ΙΙΙ.

130 4347 154 4394 ρ.
175 4337 206 4379 aa
226 4346 262 4396 sq.

167 4425 200 4485 (a)
220 4424 289 4489 Lips.
312 4431 375 4476 1820
394 4442 429 4489 sq.
486 4450 487 4453 ¹
