2782 4958
225 133 267 197 36
712 153 861 198 uannnmo

227 334 256 391 et
290 321 426 394 Aetuum
462 320 552 393 Albis
588 318 815 407 eeclesiasticis,
848 317 966 391 Christi
999 316 1165 391 Societatis
1195 319 1322 393 Historiae
1379 344 1381 361 ³

224 445 372 542 proficuis
400 444 411 541 (
438 445 461 542 ).

276 569 397 652 Verum
424 568 456 639 in
477 567 515 639 iis
532 567 678 665 quidem,
697 593 783 666 quae
802 568 844 640 ad
860 567 1040 639 uuiversum
1060 566 1223 666 pertinent
1237 564 1324 638 Eccle-

225 689 292 764 siae
318 692 508 779 Historium‚
536 690 615 762 nihil
646 690 792 790 pulcrius
820 689 884 763 hoc
913 690 1057 763 continet
1081 689 1264 778 Arabicum,
1285 713 1327 760 nec

225 819 400 916 quicquam
415 816 558 889 omnium
575 815 712 889 lectione
730 815 873 912 dignius,
893 839 990 913 quam
1008 813 1102 886 binas
1118 811 1327 912 Royaardsii
1379 862 1381 877 ,

223 941 528 1028 commentationes,
555 940 665 1038 aliquo
691 938 822 1039 quidem
847 963 1006 1011 annorum
1027 937 1133 1036 spatio
1159 936 1328 1034 disjunctas,

222 1063 299 1150 sed,
325 1063 413 1163 quod
441 1065 512 1161 ipse
537 1061 723 1161 profitetur,
751 1073 944 1159 argumento
969 1062 1179 1158 conjunctas;
1213 1083 1329 1158 quarum

221 1188 282 1260 illa
307 1188 482 1286 Religionis
506 1187 709 1260 Christianae
728 1185 946 1259 conditionem
971 1184 1105 1283 inquirit
1129 1209 1169 1257 ac
1185 1182 1330 1271 describit,

222 1309 329 1408 qualis
354 1309 459 1382 Medio
481 1310 542 1383 luit
567 1308 670 1397 heco,
693 1309 768 1380 bace
793 1307 928 1381 eandem
951 1333 1012 1404 per
1040 1313 1221 1380 instaurata
1252 1306 1335 1380 saut

223 1430 464 1528 contemplatur
488 1432 693 1505 emendatam.
721 1431 814 1504 Prior
836 1432 921 1503 enim
942 1431 995 1528 (en
1017 1431 1118 1528 ipsam
1144 1430 1201 1503 tibi
1219 1430 1334 1528 inscrip

224 1554 359 1652 tionem)
385 1553 426 1626 de
444 1555 664 1627 recentioribus
680 1558 746 1652 agit
767 1556 919 1652 Europae
932 1554 1059 1651 populis
1080 1579 1177 1652 usque
1197 1553 1242 1626 ad
1254 1551 1339 1626 Medii

220 1677 303 1751 Aeci
328 1679 458 1764 arritum,
479 1677 694 1750 Christianam
720 1678 859 1749 muaime
885 1702 945 1774 per
968 1677 1152 1774 relipioaem
1186 1679 1338 1749 cmutitutic

223 1815 315 1900 utque
333 1801 474 1873 cucullis.
526 1801 707 1874 Periculum
734 1802 796 1873 hoc
821 1800 922 1872 nostri
947 1813 1042 1873 vocet
1067 1799 1173 1873 Amici
1197 1798 1336 1873 modestia

221 1923 476 1996 Ecclesiastieam
509 1925 746 1997 commendandi
781 1924 884 1997 Medii
909 1923 992 1996 heoi
1014 1923 1202 1998 Historiam.
1254 1925 1338 1996 Recte

223 2046 353 2146 quidem
380 2047 442 2121 ille.
496 2048 618 2121 Verum
644 2049 739 2146 longe
762 2047 936 2146 ampliora,
963 2072 1062 2146 quam
1083 2047 1166 2120 haec
1187 2056 1338 2145 receperat

222 2170 399 2270 professio,
431 2171 670 2269 elegantissimo
698 2170 855 2244 docemur
888 2170 1131 2244 commentario.
1183 2171 1264 2259 Qui,
1298 2166 1340 2240 vel

222 2295 371 2392 pessimis
393 2294 612 2394 temporibus,
642 2294 683 2367 ad
703 2295 828 2368 civilem
859 2297 955 2369 etiam
981 2295 1218 2370 emendandam
1249 2291 1340 2368 homi·

222 2442 300 2491 num
323 2419 585 2517 populorumque
608 2418 824 2492 conditionem
851 2417 931 2490 nihil
954 2419 1118 2492 efficacius
1138 2419 1253 2507 luisse,
1274 2413 1340 2489 nihil

224 2540 409 2629 salutarius,
434 2540 682 2614 evidentissimis
703 2541 821 2640 probat
836 2543 1046 2640 argumentis,
1062 2567 1160 2642 quam
1179 2543 1340 2616 coelestem

225 2664 344 2737 Christi
371 2665 581 2762 Religionem.
607 2706 648 2716 -
678 2665 849 2755 Binarum,
876 2690 960 2764 quas
989 2664 1071 2756 dixi,
1098 2665 1340 2765 disputationum

223 2789 388 2885 posterior,
416 2789 523 2886 priori
548 2813 694 2862 connexa
728 2788 798 2875 illa,
838 2788 869 2860 in
903 2789 1053 2886 graviore
1086 2790 1201 2879 etiam,
1232 2789 1259 2862 si
1283 2784 1342 2860 fieri

225 2924 350 3010 potest,
378 2925 527 2985 versatur
548 2925 752 3010 argumento.
803 2912 948 2985 Historia
964 2911 1048 2984 euim
1072 2912 1164 3002 duce,
1181 2911 1220 2984 de
1237 2912 1341 2984 actione

225 3049 254 3106 et
292 3035 411 3108 ambitu
444 3036 510 3133 agit
535 3036 636 3126 illius,
671 3062 752 3133 quae
784 3035 886 3107 seculo
914 3037 992 3108 XVI
1023 3037 1158 3124 constitit,
1193 3035 1341 3108 Ecclesiae

223 3159 480 3254 Eefirrmatioaie,
507 3158 599 3256 idque
621 3161 824 3256 comparata,
852 3158 928 3230 olim
958 3157 987 3231 ei
1014 3161 1224 3256 praegressh,
1256 3152 1342 3230 Medii

224 3284 298 3354 aeui
320 3282 561 3378 Refirrmatiaae.
596 3282 660 3354 Ubi
675 3282 881 3381 quaestiones
903 3282 979 3356 item
1000 3281 1062 3354 sibi
1075 3279 1249 3354 solvendas
1266 3278 1340 3380 ponit

224 3409 367 3494 Auctor,
381 3407 438 3503 qui
458 3406 521 3477 siut
543 3406 676 3478 nominis
699 3407 735 3478 oi
758 3431 796 3478 ae
824 3406 954 3478 ueritate
979 3406 1275 3500 Reformatores
1298 3401 1339 3474 di·

226 3529 341 3600 cendi?
365 3529 478 3626 ecquod
513 3543 701 3602 memoratae
732 3531 977 3624 Eefirrmatiouis
1001 3529 1101 3626 suerit
1132 3523 1338 3626 principium?

226 3652 275 3724 De
299 3651 473 3725 laetissimo
503 3652 577 3739 illo,
611 3652 668 3752 qui
698 3651 751 3724 hlc
777 3652 975 3740 illustratur,
1012 3666 1149 3738 eventu,
1181 3645 1336 3750 postremis

227 3774 384 3872 imprimis
413 3774 502 3849 hisce
526 3775 619 3849 annis
645 3787 692 3848 tot
719 3801 757 3848 ac
783 3789 847 3848 tam
878 3775 1022 3865 diversa,
1049 3776 1162 3874 plures
1185 3777 1272 3876 apud
1286 3799 1334 3874 po·

227 3898 336 3997 pulos,
369 3923 468 3995 opera
492 3913 569 3973 sunt
593 3899 680 3972 edita
711 3911 744 3971 et
767 3899 840 3971 libri
874 3914 906 3972 et
935 3900 1214 3990 commentariola,
1241 3913 1276 3974 ut
1297 3892 1334 3971 vel

225 4077 380 4088 .....--—-

264 4169 311 4268 (l)
332 4198 452 4254 Exstant
468 4201 550 4254 biuee
565 4199 593 4253 h.
609 4201 629 4255 l.
650 4201 779 4255 laudatae
795 4201 886 4274 dispp.
907 4201 936 4257 in
955 4177 1067 4271 Archias
1080 4218 1141 4255 coar
1159 4203 1241 4257 Kerla.
1260 4193 1333 4253 auct·

232 4298 288 4354 Va.
309 4298 334 4353 Ι.
356 4318 384 4371 p.
409 4304 497 4354 1-82
519 4307 595 4370 etp.
618 4306 776 4355 ‘ret-roa.
