2782 4958
222 350 284 413 lit
707 365 861 412 nrauoanu

219 536 327 600 moniti
349 535 419 598 satis
441 553 555 596 memor
586 532 676 596 fuisse
706 532 826 596 videtur
852 534 927 616 ipsc.
977 536 1062 613 Nam,
1095 537 1200 620 spreti
1222 526 1334 602 subinde

218 649 493 734 probatissimorum
516 648 638 711 testium
661 647 850 722 auctoritate,
875 669 924 710 eas
946 650 1093 733 praeferre
1116 649 1336 735 deprehenditur

218 762 378 838 lectiones,
404 783 500 846 quae,
524 783 618 844 quum
645 761 834 845 praecipuam
856 782 873 824 a
896 762 1040 826 brevitate
1061 764 1336 829 commendationem

220 877 359 957 habeant,
386 875 601 940 Cetlotiecrum
624 873 724 950 illam,
747 893 837 956 quam
852 873 990 956 vocabat,
1016 877 1176 942 manifesto
1198 878 1337 943 redoleant

216 992 464 1056 retractationem.
512 990 608 1072 Atque
629 989 662 1050 in
683 983 750 1051 aliis
772 989 862 1051 etiam
881 1009 942 1052 non
966 988 1070 1072 nullis,
1089 1011 1168 1074 quae
1190 993 1230 1056 de
1252 992 1336 1057 lectio·

216 1127 291 1169 num
313 1106 453 1170 varietate
475 1104 620 1168 ferentem
642 1124 712 1168 eum
734 1102 887 1180 audimus,
909 1103 1034 1186 judiciis
1043 1105 1269 1192 festinationis
1288 1128 1337 1171 ves·

218 1220 293 1304 tigia
326 1219 468 1302 quaedam
499 1238 638 1302 apparere
671 1237 759 1280 nemo
793 1216 969 1300 mirabitur,
994 1219 1047 1301 qui
1076 1227 1148 1302 qcot
1178 1227 1210 1284 et
1241 1228 1337 1304 pcata

217 1337 365 1400 sustineat
384 1356 474 1399 caere
494 1335 574 1398 actae
596 1336 732 1396 accurate
755 1331 936 1396 meminerit.

263 1565 321 1631 Sed
344 1584 486 1650 magnum
517 1561 664 1647 imprimis
686 1560 872 1626 thilonis
892 1561 973 1626 iuter
994 1568 1025 1626 et
1047 1561 1335 1628 Tischendorlii

212 1678 363 1743 'rationem
393 1677 552 1741 discrimen
581 1676 766 1741 intercedere
797 1677 953 1759 videmus,
978 1676 1004 1740 si
1034 1698 1099 1741 eam
1122 1698 1334 1764 comparamus,

219 1796 280 1877 quta
309 1797 426 1857 textum
455 1796 581 1874 uterque
610 1789 820 1874 locupletavit,
844 1792 1074 1856 cunctationem.
1124 1790 1242 1856 Thilo
1269 1793 1335 1856 euin

219 1908 329 1974 multas
346 1911 425 1971 certe
445 1904 552 1968 horum
567 1902 813 1988 Apocryphorum
836 1909 933 1988 partes
952 1906 1168 1969 commentario
1187 1906 1336 1971 illustrirat

218 2024 344 2105 critico,
369 2020 545 2105 exegetioo‚
572 2017 734 2093 historico,
759 2019 850 2096 item,
874 2018 1070 2103 sicubiopus
1093 2041 1158 2082 esse
1180 2019 1335 2099 videbatur,

220 2135 458 2220 archaeologico,
476 2133 563 2215 cujus
584 2152 645 2194 non
669 2153 769 2216 posses
788 2152 850 2196 non
873 2131 1062 2217 diligentiam
1085 2133 1228 2198 admirari
1250 2139 1280 2198 et
1297 2154 1336 2196 co·

217 2255 297 2338 piam
321 2258 352 2316 et
373 2250 582 2316 eruditionem.
630 2247 801 2330 Cujusmodi
832 2247 915 2312 illius
937 2255 999 2324 est,
1024 2247 1081 2312 alia
1110 2246 1208 2312 multa
1231 2269 1268 2312 ne
1288 2268 1336 2310 me

208 2383 343 2444 morem,
369 2365 600 2430 commentarius
622 2364 654 2426 in
673 2364 931 2447 Protarcccpeliam
951 2363 1059 2428 Jaaoot
1080 2367 1111 2427 et
1133 2363 1291 2428 Nicodema'
1309 2365 1336 2426 in

217 2482 427 2566 Eneapeticm.
476 2481 535 2542 Nec
565 2477 764 2543 dubitandum
796 2479 872 2561 quin
896 2478 1007 2562 majora
1038 2479 1128 2542 etiam
1151 2480 1338 2563 praestiturus

215 2596 321 2660 fuisset
342 2615 377 2658 ac
399 2593 537 2658 meliores
559 2592 687 2657 subinde
713 2591 858 2657 lectiones
881 2597 1068 2676 recepturus,
1093 2594 1119 2657 si
1143 2596 1190 2672 eu,
1216 2598 1278 2678 qut
1297 2615 1338 2658 re·

216 2709 405 2773 certissimus
419 2707 479 2783 hie,
499 2706 535 2771 de
558 2729 619 2790 quo
636 2708 776 2783 dicimus,
795 2707 910 2789 Editor,
927 2706 1128 2772 subsidiorum
1144 2710 1235 2794 copia
1256 2708 1339 2774 abun·

215 2823 313 2886 damet
335 2842 367 2884 ac
390 2822 581 2904 praestantii.
630 2821 732 2906 Hujus
754 2841 824 2885 vero
854 2820 944 2907 longe
967 2820 1144 2886 arctioribus
1173 2825 1339 2888 continetur

216 2935 330 3001 fluibus
357 2935 459 3000 editio.
508 2935 603 3010 Quam
632 2936 714 2999 enim
743 2935 871 3020 singulis
899 2937 1002 3000 textile
1032 2937 1152 3022 paginis
1181 2936 1340 3022 subjectam

207 3049 317 3123 habet,
342 3051 497 3114 annotatio
518 3070 613 3113 unum
637 3049 695 3114 hoc
717 3048 843 3126 indicat,
869 3070 944 3133 quae
967 3038 1113 3134 cujusque
1136 3050 1196 3115 loci
1220 3058 1252 3117 et
1273 3073 1341 3136 quos

215 3167 293 3252 aliud
316 3171 405 3230 testes
425 3169 542 3229 exstent
564 3165 711 3228 variantes
726 3163 877 3229 lectiones.
911 3167 952 3230 De
967 3186 1093 3249 quarum
1116 3167 1215 3252 igitur
1238 3170 1341 3252 majore

214 3288 267 3346 aut
289 3281 404 3344 minore
433 3278 642 3364 probabilitate
666 3279 747 3362 quod
777 3278 896 3343 nullum
919 3279 1052 3364 prodidit
1072 3281 1247 3363 judicium,
1272 3301 1341 3366 quae

214 3395 363 3480 praestitit
393 3394 559 3478 suspiciens
581 3399 726 3479 gratoque
758 3393 906 3478 accipiens
928 3395 1050 3476 animo,
1074 3416 1136 3458 non
1159 3394 1341 3480 reprehendo

214 3510 365 3594 equidem.
418 3509 602 3591 Quamquam
624 3509 671 3583 si,
698 3506 744 3571 vel
776 3507 956 3573 brevissimis
986 3529 1057 3573 usus
1086 3509 1149 3573 sive
1171 3508 1273 3575 verbis
1292 3531 1341 3575 seu

214 3623 305 3698 notis,
331 3620 381 3684 hie
404 3621 510 3685 ducem
533 3643 564 3684 se
586 3619 748 3685 lectoribus
765 3619 962 3705 praebuisset,
986 3619 1082 3686 multo
1104 3623 1195 3686 etiam
1215 3624 1341 3709 praeola-

213 3738 276 3800 rius
298 3757 402 3798 eorum
426 3735 461 3798 de
483 3720 591 3797 studiis
613 3733 775 3796 meriturus
797 3733 913 3797 fuisset.
934 3772 976 3781 —
998 3735 1056 3799 Sed
1080 3734 1188 3799 vellem
1213 3739 1251 3803 ad
1273 3760 1339 3815 eos,

213 3872 288 3935 quos
310 3849 424 3913 Thilo
443 3850 505 3933 jam
529 3851 716 3927 memorarat,
751 3847 875 3911 Codices
897 3847 1109 3932 significandos
1131 3851 1253 3930 iisdem,
1278 3854 1340 3937 qui·

212 3964 270 4028 bus
292 3962 354 4042 ille,
383 3963 495 4028 titteris
518 3984 590 4026 usus
612 3968 687 4026 esset
709 3983 742 4026 ao
760 3962 867 4045 ripeta.
916 3964 981 4037 Quo
1004 3962 1083 4026 facto
1105 3962 1197 4049 longe
1213 3987 1340 4030 commo·

214 4080 279 4143 dior
301 4077 405 4142 lectori
427 4077 604 4142 editionum
617 4076 732 4140 reddita
754 4076 861 4139 fuisset
883 4097 918 4139 ac
939 4077 1080 4152 testium,
1106 4097 1182 4159 quos
1205 4078 1338 4155 laudant,

213 4195 405 4280 comparatio.
454 4195 590 4256 Veterum
623 4193 704 4255 enim
733 4195 1014 4269 monumentorum,
1041 4213 1144 4255 eorum
1171 4192 1337 4278 imprimis,

212 4331 286 4392 quae
320 4307 498 4373 variantium
533 4304 697 4369 lectionum
730 4305 927 4369 multitudine
950 4303 1105 4380 laborant,
1133 4306 1295 4371 Codicibus
1316 4310 1339 4370 si

212 4425 418 4506 unusquisque
450 4421 552 4486 Editor
583 4442 636 4484 suo
667 4441 720 4503 pro
753 4441 842 4484 sensu
870 4441 945 4484 nova
969 4421 1048 4484 indit
1071 4422 1215 4500 nomina,
1241 4435 1337 4488 nonne
