2782 4958
126 371 191 437 228
587 387 797 434 susurrones.

126 563 266 625 accurate
289 579 340 622 eos
361 557 483 639 refutat,
508 558 571 641 qui,
598 557 672 622 loeis
702 557 789 622 Bon.
817 557 872 621 VH.
898 559 937 621 tt
965 561 996 621 et
1019 558 1065 622 lx.
1094 556 1137 620 ⁸22
1161 515 1245 640 sequ,

127 673 379 758 inconsequentem
401 693 462 736 esse
485 671 649 737 orationem
673 672 858 737 existimant.

666 874 721 930 VI.

169 1021 188 1081 t
218 1018 351 1084 Conanti.
379 1017 438 1081 XII.
467 1019 508 1095 2,
540 1036 595 1100 pro
618 1014 682 1079 solo
704 1018 755 1083 ὅτι
779 1019 879 1095 reete,
910 1016 1032 1080 testium
1064 1017 1249 1096 auctoritate,

127 1131 288 1218 legendum
310 1131 520 1196 commendant
549 1131 799 1196 De-Wettius
828 1134 858 1194 et
881 1131 1053 1214 Meyerus
1084 1135 1156 1206 ὅτι,
1188 1136 1250 1207 ὅτε,Ι

126 1246 219 1329 quod,
245 1244 460 1331 praeeuntibus
482 1243 560 1321 aliis,
583 1244 651 1329 jure
674 1245 707 1307 in
729 1248 847 1310 textum
870 1244 982 1329 recepit
1004 1245 1252 1310 Tischendor·

125 1359 216 1424 iius.
280 1361 388 1424 Verum
429 1356 576 1423 falluntur
606 1357 805 1424 laudatissimi
841 1356 888 1422 illi
919 1359 1101 1441 Duumviri,
1134 1360 1253 1426 inconse-

119 1473 277 1558 -qnentn‘onn
299 1473 441 1537 orationis
463 1478 634 1559 arguentes,
659 1494 734 1558 qnae
757 1474 1018 1558 breviloquentiam
1036 1475 1142 1560 potius
1162 1474 1252 1555 habet,

127 1589 199 1671 qut,
226 1585 318 1652 semel
340 1587 484 1671 positum,
512 1585 560 1650 bis
582 1586 779 1672 cogitandum
792 1592 837 1651 est
852 1586 975 1651 verbum
994 1586 1063 1676 ᾖτε.
1091 1588 1255 1673 Cujusmodi

127 1699 248 1766 dicendi
281 1700 458 1785 compendia
491 1700 570 1784 apud
611 1702 740 1786 optimos
773 1721 908 1784 quosque
940 1701 1114 1784 frequenter
1149 1707 1284 1766 exstant·

128 1816 303 1880 Graecorum
326 1816 586 1899 Romanorumque
610 1816 782 1901 scriptores.
809 1817 993 1899 Quamquam
1016 1836 1055 1878 ne
1071 1815 1130 1879 hoo
1146 1816 1257 1900 quiden

125 1935 161 1994 ut
183 1951 344 2014 sequemur
366 1929 454 2014 plane
476 1930 674 1994 necessarium
691 1935 744 1994 est.
780 1928 861 1993 Nihil
880 1930 961 1993 enim
982 1928 1123 2014 impedit,
1142 1930 1257 1994 minint

126 2043 227 2128 aliqud
241 2045 484 2130 interpunctione
500 2045 654 2109 austeris
668 2044 804 2129 sejuncto
820 2043 965 2109 vocabulo
989 2047 1088 2131 ἔθνη,
1106 2045 1151 2110 ita
1167 2045 1256 2110 locun

127 2165 261 2225 vertere:
286 2161 428 2226 Novistis
453 2183 515 2234 ooo,
535 2168 637 2244 pentes
657 2161 692 2246 (i.
711 2181 736 2225 e.
753 2161 785 2223 in
810 2161 918 2224 misert
941 2157 1013 2224 olim
1036 2160 1180 2246 gentium
1195 2182 1258 2224 oon·

127 2274 243 2338 ditione
267 2275 423 2358 versutos),
449 2275 585 2339 obductos
597 2272 696 2358 fnisse
715 2277 767 2337 ant
789 2273 895 2337 annuet
909 2295 959 2338 ooo
972 2295 1083 2353 nasson
1104 2295 1169 2338 esse
1188 2277 1254 2337 oret.

127 2389 294 2455 Posteriore
329 2411 367 2453 ex
401 2389 517 2453 ratione
551 2389 583 2451 in
616 2387 791 2472 imperfecto
827 2386 952 2452 verbum
981 2386 1037 2476 ᾖτε
1069 2387 1259 2472 sequentibus

118 2503 312 2583 praemisisse
334 2503 499 2568 censendus
522 2508 566 2568 est
589 2503 759 2587 Apostolus,
784 2524 844 2587 quo
863 2502 1002 2568 disertius
1020 2503 1207 2589 significaret
1227 2501 1257 2566 ad

127 2617 283 2702 pristinum
305 2616 363 2682 hoo
395 2617 511 2699 referri,
546 2619 607 2702 qud
635 2616 708 2682 olim
729 2619 777 2683 usi
806 2624 904 2684 essent
935 2640 991 2684 neo
1021 2639 1104 2683 nunc
1137 2617 1256 2704 amplius

128 2736 287 2795 uterentur
309 2729 470 2808 Corinthii,
496 2732 709 2801 conditionem.

593 2973 595 2978 -
659 2938 728 2993 VII.

175 3073 193 3136 1
213 3072 296 3137 Poto.
317 3073 362 3138 lv.
392 3076 444 3151 tt,
470 3075 571 3160 paullo
591 3077 764 3163 impeditior
782 3100 837 3144 neo
855 3101 872 3145 e
890 3079 1020 3146 librariis
1033 3088 1189 3168 perspecto
1204 3082 1258 3147 loci

128 3191 279 3252 structure
298 3209 332 3252 uo
349 3189 497 3254 sententia
517 3191 648 3255 effecisse
668 3191 789 3256 videtur
808 3199 844 3257 ut
869 3199 900 3258 et
922 3194 1026 3259 multis
1053 3219 1091 3260 ex
1115 3195 1208 3261 Codd.
1232 3199 1260 3259 et

128 3300 194 3384 ipso
216 3322 255 3365 ex
277 3306 366 3366 textu
393 3307 514 3388 recepto
544 3303 621 3368 male
648 3304 831 3389 delerentur,
864 3312 934 3392 post
961 3310 1070 3396 δόξης,
1096 3309 1186 3375 verba
1207 3315 1258 3377 not

130 3414 308 3499 δυνάμεως,
326 3414 437 3499 quibus
453 3417 486 3479 in
507 3417 580 3481 cod.
599 3419 621 3480 Α
641 3440 697 3482 neo
718 3419 822 3503 paucis
836 3418 903 3483 aliis
918 3421 993 3484 varii
1008 3421 1124 3486 ordinis
1139 3421 1261 3486 testibus

129 3529 309 3613 praesidium
327 3536 383 3596 est.
409 3533 452 3596 Itu
467 3537 566 3597 autem
584 3532 805 3598 construendus
820 3533 974 3600 estloous:
984 3535 1063 3603 Ὅτι
1076 3542 1113 3606 τὸ
1126 3545 1260 3624 Πνεῦμα

130 3653 187 3728 τῆς
209 3645 304 3733 δόξης
329 3648 568 3733 καὶδυνάμεως
594 3654 649 3715 καὶ
674 3653 709 3715 τὸ
730 3650 894 3735 (Πνεῦμα)
922 3658 978 3719 τοῦ
1008 3655 1090 3719 Θεοῦ
1116 3681 1149 3718 κ.
1174 3680 1203 3719 τ.
1231 3653 1259 3717 λ.

130 3759 208 3842 qnod
225 3761 340 3843 ptoonne
373 3783 409 3824 no
430 3762 585 3840 potentiae
615 3762 758 3841 opinionon,
795 3765 846 3847 qni
872 3766 936 3843 ipse
969 3765 1031 3828 Dei
1061 3773 1106 3829 est
1136 3766 1263 3846 Spiritus

130 3879 205 3939 caet.
228 3871 289 3960 (d).
315 3874 370 3939 Ubi
386 3880 454 3960 apte
469 3879 500 3939 et
515 3876 661 3939 concinne
677 3881 714 3944 τὸ
729 3886 799 3945 Hn.
823 3887 879 3961 τῆς
898 3878 992 3964 δόξης
1009 3885 1065 3945 nod
1084 3881 1260 3965 δυνάμεως,

132 3988 263 4072 Spiritus
285 3987 407 4065 dieitur,
432 3990 486 4073 qni
509 3992 615 4054 honore
637 4012 691 4054 nos
710 3991 813 4068 afficit,
840 3997 872 4056 et
897 3991 1006 4056 Christi
1029 3996 1135 4058 caussa
1160 3993 1263 4058 ultima

132 4122 266 4185 quaeque
289 4101 426 4181 alacriter
443 4125 476 4168 uo
499 4103 617 4167 fortiter
639 4104 825 4188 perpetiendi
845 4102 932 4168 nobis
953 4106 1031 4172 oe'res
1061 4107 1210 4193 impertit,
1230 4129 1263 4172 eo

132 4216 199 4300 ipso
222 4223 355 4303 tempore
371 4239 445 4302 quo,
463 4223 493 4282 et
508 4218 576 4282 ideo
591 4218 670 4301 quod
687 4221 918 4303 ὀνειδιζόμεθα
939 4226 973 4288 ἐν
990 4224 1082 4306 onon.
1109 4230 1261 4310 Χριστοῦ,

128 4371 293 4388 n-—-.....
350 4373 354 4376 .

171 4471 205 4533 (1)
225 4470 264 4523 De
283 4471 470 4523 constructione
489 4471 520 4523 cs.
536 4469 655 4524 Winer.
674 4469 781 4525 Granum.
798 4473 835 4522 ed.
856 4476 880 4530 6,
899 4486 925 4535 p.
945 4477 1002 4522 120.
