<?xml version="1.0" encoding="UTF-8"?>
<!DOCTYPE html PUBLIC "-//W3C//DTD XHTML 1.0 Transitional//EN"
    "http://www.w3.org/TR/xhtml1/DTD/xhtml1-transitional.dtd">
<html xmlns="http://www.w3.org/1999/xhtml" xml:lang="en" lang="en">
 <head>
  <title>
</title>
<meta http-equiv="Content-Type" content="text/html;charset=utf-8" />
  <meta name='ocr-system' content='tesseract 3.04.00' />
  <meta name='ocr-capabilities' content='ocr_page ocr_carea ocr_par ocr_line ocrx_word'/>
</head>
<body>
  <div class='ocr_page' id='page_1' title='image "./chartaetheologi00boumgoog_0318.png"; bbox 0 0 2782 4958; ppageno 0'>
   <div class='ocr_carea' id='block_1_1' title="bbox 608 337 1255 402">
    <p class='ocr_par' dir='ltr' id='par_1_1' title="bbox 608 337 1255 402">
     <span class='ocr_line' id='line_1_1' title="bbox 608 337 1255 402; baseline 0.008 -6"><span class='ocrx_word' id='word_1_1' title='bbox 608 355 769 398; x_wconf 78' lang='lat' dir='ltr'>cnusuaau.</span> <span class='ocrx_word' id='word_1_2' title='bbox 1195 337 1255 402; x_wconf 79' lang='lat'>107</span> 
     </span>
    </p>
   </div>
   <div class='ocr_carea' id='block_1_2' title="bbox 116 518 1260 2780">
    <p class='ocr_par' dir='ltr' id='par_1_2' title="bbox 116 518 1260 2780">
     <span class='ocr_line' id='line_1_2' title="bbox 120 518 1259 607; baseline 0.005 -23"><span class='ocrx_word' id='word_1_3' title='bbox 120 518 205 605; x_wconf 84' lang='lat' dir='ltr'>pacis</span> <span class='ocrx_word' id='word_1_4' title='bbox 225 519 396 596; x_wconf 87' lang='lat' dir='ltr'>amantiori,</span> <span class='ocrx_word' id='word_1_5' title='bbox 421 541 511 603; x_wconf 88' lang='lat' dir='ltr'>quam</span> <span class='ocrx_word' id='word_1_6' title='bbox 534 521 764 585; x_wconf 68' lang='lat' dir='ltr'>contentionum</span> <span class='ocrx_word' id='word_1_7' title='bbox 784 541 1026 607; x_wconf 85' lang='lat' dir='ltr'>pugnarumque,</span> <span class='ocrx_word' id='word_1_8' title='bbox 1050 522 1174 589; x_wconf 85' lang='lat' dir='ltr'>omnino</span> <span class='ocrx_word' id='word_1_9' title='bbox 1196 547 1259 590; x_wconf 89' lang='lat' dir='ltr'>me·</span> 
     </span>
     <span class='ocr_line' id='line_1_3' title="bbox 119 633 1260 718; baseline 0.008 -22"><span class='ocrx_word' id='word_1_10' title='bbox 119 633 304 698; x_wconf 88' lang='lat' dir='ltr'>morandum</span> <span class='ocrx_word' id='word_1_11' title='bbox 337 633 468 713; x_wconf 84' lang='lat' dir='ltr'>videtur,</span> <span class='ocrx_word' id='word_1_12' title='bbox 503 634 603 718; x_wconf 91' lang='lat' dir='ltr'>ipsum</span> <span class='ocrx_word' id='word_1_13' title='bbox 635 633 707 698; x_wconf 86' lang='lat' dir='ltr'>adeo</span> <span class='ocrx_word' id='word_1_14' title='bbox 739 633 966 712; x_wconf 79' lang='lat' dir='ltr'>Eualdium,</span> <span class='ocrx_word' id='word_1_15' title='bbox 996 638 1131 718; x_wconf 80' lang='lat' dir='ltr'>quamvis</span> <span class='ocrx_word' id='word_1_16' title='bbox 1162 657 1260 705; x_wconf 88' lang='lat' dir='ltr'>acrem</span> 
     </span>
     <span class='ocr_line' id='line_1_4' title="bbox 119 747 1260 834; baseline 0.005 -22"><span class='ocrx_word' id='word_1_17' title='bbox 119 747 253 813; x_wconf 83' lang='lat' dir='ltr'>aliorum</span> <span class='ocrx_word' id='word_1_18' title='bbox 276 748 487 834; x_wconf 85' lang='lat' dir='ltr'>plerorumque</span> <span class='ocrx_word' id='word_1_19' title='bbox 508 747 763 833; x_wconf 79' lang='lat' dir='ltr'>reprehensorem,</span> <span class='ocrx_word' id='word_1_20' title='bbox 789 751 927 833; x_wconf 83' lang='lat' dir='ltr'>quamvis</span> <span class='ocrx_word' id='word_1_21' title='bbox 953 750 1144 816; x_wconf 87' lang='lat' dir='ltr'>Kuobelio</span> <span class='ocrx_word' id='word_1_22' title='bbox 1170 753 1260 818; x_wconf 84' lang='lat' dir='ltr'>intes·</span> 
     </span>
     <span class='ocr_line' id='line_1_5' title="bbox 119 862 1257 948; baseline 0.005 -22"><span class='ocrx_word' id='word_1_23' title='bbox 119 867 211 944; x_wconf 88' lang='lat' dir='ltr'>tum,</span> <span class='ocrx_word' id='word_1_24' title='bbox 249 865 292 927; x_wconf 84' lang='lat' dir='ltr'>ite</span> <span class='ocrx_word' id='word_1_25' title='bbox 311 865 374 947; x_wconf 88' lang='lat' dir='ltr'>jam</span> <span class='ocrx_word' id='word_1_26' title='bbox 404 863 540 946; x_wconf 86' lang='lat' dir='ltr'>judicare</span> <span class='ocrx_word' id='word_1_27' title='bbox 570 867 626 944; x_wconf 90' lang='lat' dir='ltr'>ut,</span> <span class='ocrx_word' id='word_1_28' title='bbox 651 865 779 947; x_wconf 72' lang='lat' dir='ltr'>utrique</span> <span class='ocrx_word' id='word_1_29' title='bbox 807 867 976 948; x_wconf 77' lang='lat' dir='ltr'>comparata</span> <span class='ocrx_word' id='word_1_30' title='bbox 1002 862 1074 931; x_wconf 85' lang='lat' dir='ltr'>libri</span> <span class='ocrx_word' id='word_1_31' title='bbox 1107 866 1257 943; x_wconf 81' lang='lat' dir='ltr'>editione,</span> 
     </span>
     <span class='ocr_line' id='line_1_6' title="bbox 119 976 1260 1063; baseline 0.006 -23"><span class='ocrx_word' id='word_1_32' title='bbox 119 977 220 1062; x_wconf 82' lang='lat' dir='ltr'>priori</span> <span class='ocrx_word' id='word_1_33' title='bbox 242 978 435 1062; x_wconf 79' lang='lat' dir='ltr'>posteriorem</span> <span class='ocrx_word' id='word_1_34' title='bbox 458 997 525 1040; x_wconf 87' lang='lat' dir='ltr'>sese</span> <span class='ocrx_word' id='word_1_35' title='bbox 543 976 690 1061; x_wconf 84' lang='lat' dir='ltr'>praeferre</span> <span class='ocrx_word' id='word_1_36' title='bbox 712 978 783 1041; x_wconf 87' lang='lat' dir='ltr'>satis</span> <span class='ocrx_word' id='word_1_37' title='bbox 800 977 909 1042; x_wconf 87' lang='lat' dir='ltr'>diserte</span> <span class='ocrx_word' id='word_1_38' title='bbox 920 978 1082 1063; x_wconf 84' lang='lat' dir='ltr'>significet,</span> <span class='ocrx_word' id='word_1_39' title='bbox 1096 1001 1130 1044; x_wconf 87' lang='lat' dir='ltr'>ao</span> <span class='ocrx_word' id='word_1_40' title='bbox 1149 979 1260 1047; x_wconf 89' lang='lat' dir='ltr'>multos</span> 
     </span>
     <span class='ocr_line' id='line_1_7' title="bbox 120 1091 1260 1176; baseline 0.007 -22"><span class='ocrx_word' id='word_1_41' title='bbox 120 1112 207 1156; x_wconf 86' lang='lat' dir='ltr'>nunc</span> <span class='ocrx_word' id='word_1_42' title='bbox 230 1113 299 1155; x_wconf 87' lang='lat' dir='ltr'>eum</span> <span class='ocrx_word' id='word_1_43' title='bbox 330 1091 519 1176; x_wconf 73' lang='lat' dir='ltr'>repudiasse,</span> <span class='ocrx_word' id='word_1_44' title='bbox 550 1112 625 1174; x_wconf 92' lang='lat' dir='ltr'>quos</span> <span class='ocrx_word' id='word_1_45' title='bbox 652 1096 738 1157; x_wconf 85' lang='lat' dir='ltr'>antea</span> <span class='ocrx_word' id='word_1_46' title='bbox 765 1093 966 1169; x_wconf 83' lang='lat' dir='ltr'>commiserit,</span> <span class='ocrx_word' id='word_1_47' title='bbox 989 1114 1103 1160; x_wconf 85' lang='lat' dir='ltr'>errores</span> <span class='ocrx_word' id='word_1_48' title='bbox 1134 1096 1260 1162; x_wconf 63' lang='lat' dir='ltr'>{ioman</span> 
     </span>
     <span class='ocr_line' id='line_1_8' title="bbox 116 1204 1260 1294; baseline 0.003 -22"><span class='ocrx_word' id='word_1_49' title='bbox 116 1211 304 1294; x_wconf 74' lang='lat' dir='ltr'>profiteatur.</span> <span class='ocrx_word' id='word_1_50' title='bbox 354 1206 422 1287; x_wconf 77' lang='lat' dir='ltr'>dui,</span> <span class='ocrx_word' id='word_1_51' title='bbox 458 1227 602 1270; x_wconf 85' lang='lat' dir='ltr'>converso</span> <span class='ocrx_word' id='word_1_52' title='bbox 628 1204 690 1288; x_wconf 88' lang='lat' dir='ltr'>jam</span> <span class='ocrx_word' id='word_1_53' title='bbox 720 1205 753 1268; x_wconf 91' lang='lat' dir='ltr'>in</span> <span class='ocrx_word' id='word_1_54' title='bbox 777 1205 986 1292; x_wconf 80' lang='lat' dir='ltr'>benigniorem</span> <span class='ocrx_word' id='word_1_55' title='bbox 1019 1213 1152 1292; x_wconf 86' lang='lat' dir='ltr'>partem,</span> <span class='ocrx_word' id='word_1_56' title='bbox 1176 1208 1260 1275; x_wconf 88' lang='lat' dir='ltr'>illius</span> 
     </span>
     <span class='ocr_line' id='line_1_9' title="bbox 117 1318 1259 1411; baseline 0.004 -25"><span class='ocrx_word' id='word_1_57' title='bbox 117 1322 239 1407; x_wconf 90' lang='lat' dir='ltr'>judicio</span> <span class='ocrx_word' id='word_1_58' title='bbox 264 1322 390 1386; x_wconf 78' lang='lat' dir='ltr'>libenter</span> <span class='ocrx_word' id='word_1_59' title='bbox 418 1319 532 1405; x_wconf 87' lang='lat' dir='ltr'>(paullo</span> <span class='ocrx_word' id='word_1_60' title='bbox 564 1318 710 1385; x_wconf 86' lang='lat' dir='ltr'>libentius</span> <span class='ocrx_word' id='word_1_61' title='bbox 741 1322 832 1384; x_wconf 89' lang='lat' dir='ltr'>etism</span> <span class='ocrx_word' id='word_1_62' title='bbox 854 1321 1000 1398; x_wconf 84' lang='lat' dir='ltr'>forsitan,</span> <span class='ocrx_word' id='word_1_63' title='bbox 1029 1344 1118 1406; x_wconf 87' lang='lat' dir='ltr'>quam</span> <span class='ocrx_word' id='word_1_64' title='bbox 1143 1325 1259 1411; x_wconf 83' lang='lat' dir='ltr'>ipsum)</span> 
     </span>
     <span class='ocr_line' id='line_1_10' title="bbox 119 1434 1258 1522; baseline 0.003 -20"><span class='ocrx_word' id='word_1_65' title='bbox 119 1458 170 1502; x_wconf 89' lang='lat' dir='ltr'>me</span> <span class='ocrx_word' id='word_1_66' title='bbox 200 1437 343 1500; x_wconf 74' lang='lat' dir='ltr'>aesernino</span> <span class='ocrx_word' id='word_1_67' title='bbox 376 1437 501 1500; x_wconf 86' lang='lat' dir='ltr'>affirmo.</span> <span class='ocrx_word' id='word_1_68' title='bbox 549 1436 609 1498; x_wconf 87' lang='lat' dir='ltr'>Nec</span> <span class='ocrx_word' id='word_1_69' title='bbox 641 1455 712 1499; x_wconf 81' lang='lat' dir='ltr'>vero</span> <span class='ocrx_word' id='word_1_70' title='bbox 737 1456 812 1518; x_wconf 86' lang='lat' dir='ltr'>quae</span> <span class='ocrx_word' id='word_1_71' title='bbox 835 1434 911 1501; x_wconf 86' lang='lat' dir='ltr'>hano</span> <span class='ocrx_word' id='word_1_72' title='bbox 933 1435 1129 1522; x_wconf 87' lang='lat' dir='ltr'>comprobent</span> <span class='ocrx_word' id='word_1_73' title='bbox 1161 1459 1258 1504; x_wconf 88' lang='lat' dir='ltr'>assen-</span> 
     </span>
     <span class='ocr_line' id='line_1_11' title="bbox 119 1549 1257 1636; baseline 0.004 -22"><span class='ocrx_word' id='word_1_74' title='bbox 119 1553 239 1616; x_wconf 89' lang='lat' dir='ltr'>sionem</span> <span class='ocrx_word' id='word_1_75' title='bbox 277 1554 468 1636; x_wconf 84' lang='lat' dir='ltr'>argumenta,</span> <span class='ocrx_word' id='word_1_76' title='bbox 497 1569 592 1632; x_wconf 88' lang='lat' dir='ltr'>quum</span> <span class='ocrx_word' id='word_1_77' title='bbox 622 1549 655 1612; x_wconf 90' lang='lat' dir='ltr'>in</span> <span class='ocrx_word' id='word_1_78' title='bbox 685 1549 889 1634; x_wconf 83' lang='lat' dir='ltr'>superioribus</span> <span class='ocrx_word' id='word_1_79' title='bbox 923 1551 1032 1635; x_wconf 82' lang='lat' dir='ltr'>passim</span> <span class='ocrx_word' id='word_1_80' title='bbox 1059 1551 1146 1619; x_wconf 84' lang='lat' dir='ltr'>allata</span> <span class='ocrx_word' id='word_1_81' title='bbox 1178 1554 1257 1634; x_wconf 88' lang='lat' dir='ltr'>sint,</span> 
     </span>
     <span class='ocr_line' id='line_1_12' title="bbox 120 1663 1258 1750; baseline 0.004 -20"><span class='ocrx_word' id='word_1_82' title='bbox 120 1665 172 1730; x_wconf 86' lang='lat' dir='ltr'>hic</span> <span class='ocrx_word' id='word_1_83' title='bbox 205 1671 340 1750; x_wconf 86' lang='lat' dir='ltr'>repetere</span> <span class='ocrx_word' id='word_1_84' title='bbox 373 1665 534 1750; x_wconf 87' lang='lat' dir='ltr'>quicquam</span> <span class='ocrx_word' id='word_1_85' title='bbox 569 1664 688 1727; x_wconf 79' lang='lat' dir='ltr'>attinet.</span> <span class='ocrx_word' id='word_1_86' title='bbox 738 1663 790 1729; x_wconf 88' lang='lat' dir='ltr'>Rei</span> <span class='ocrx_word' id='word_1_87' title='bbox 820 1686 935 1729; x_wconf 88' lang='lat' dir='ltr'>summa</span> <span class='ocrx_word' id='word_1_88' title='bbox 970 1664 1030 1732; x_wconf 87' lang='lat' dir='ltr'>huc</span> <span class='ocrx_word' id='word_1_89' title='bbox 1059 1667 1148 1733; x_wconf 85' lang='lat' dir='ltr'>redit.</span> <span class='ocrx_word' id='word_1_90' title='bbox 1196 1671 1258 1734; x_wconf 84' lang='lat' dir='ltr'>Etsi</span> 
     </span>
     <span class='ocr_line' id='line_1_13' title="bbox 121 1779 1259 1867; baseline 0.005 -22"><span class='ocrx_word' id='word_1_91' title='bbox 121 1780 223 1860; x_wconf 85' lang='lat' dir='ltr'>aliam,</span> <span class='ocrx_word' id='word_1_92' title='bbox 250 1802 340 1865; x_wconf 88' lang='lat' dir='ltr'>quam</span> <span class='ocrx_word' id='word_1_93' title='bbox 367 1782 434 1867; x_wconf 88' lang='lat' dir='ltr'>ipse</span> <span class='ocrx_word' id='word_1_94' title='bbox 454 1781 535 1856; x_wconf 88' lang='lat' dir='ltr'>fecit,</span> <span class='ocrx_word' id='word_1_95' title='bbox 558 1801 621 1844; x_wconf 87' lang='lat' dir='ltr'>non</span> <span class='ocrx_word' id='word_1_96' title='bbox 650 1782 753 1865; x_wconf 87' lang='lat' dir='ltr'>paucis</span> <span class='ocrx_word' id='word_1_97' title='bbox 775 1779 857 1846; x_wconf 86' lang='lat' dir='ltr'>Libri</span> <span class='ocrx_word' id='word_1_98' title='bbox 880 1781 954 1846; x_wconf 90' lang='lat' dir='ltr'>locis</span> <span class='ocrx_word' id='word_1_99' title='bbox 976 1780 1166 1849; x_wconf 83' lang='lat' dir='ltr'>tribuendam</span> <span class='ocrx_word' id='word_1_100' title='bbox 1197 1807 1259 1851; x_wconf 85' lang='lat' dir='ltr'>esse</span> 
     </span>
     <span class='ocr_line' id='line_1_14' title="bbox 121 1892 1258 1982; baseline 0.002 -20"><span class='ocrx_word' id='word_1_101' title='bbox 121 1898 264 1962; x_wconf 86' lang='lat' dir='ltr'>existimo</span> <span class='ocrx_word' id='word_1_102' title='bbox 286 1895 465 1960; x_wconf 89' lang='lat' dir='ltr'>seutentiam</span> <span class='ocrx_word' id='word_1_103' title='bbox 488 1901 596 1977; x_wconf 85' lang='lat' dir='ltr'>atque,</span> <span class='ocrx_word' id='word_1_104' title='bbox 619 1892 673 1958; x_wconf 91' lang='lat' dir='ltr'>ubi</span> <span class='ocrx_word' id='word_1_105' title='bbox 696 1894 733 1959; x_wconf 89' lang='lat' dir='ltr'>de</span> <span class='ocrx_word' id='word_1_106' title='bbox 759 1894 1006 1961; x_wconf 64' lang='lat' dir='ltr'>rationationem</span> <span class='ocrx_word' id='word_1_107' title='bbox 1030 1897 1162 1982; x_wconf 85' lang='lat' dir='ltr'>origine,</span> <span class='ocrx_word' id='word_1_108' title='bbox 1185 1919 1258 1964; x_wconf 88' lang='lat' dir='ltr'>oon·</span> 
     </span>
     <span class='ocr_line' id='line_1_15' title="bbox 120 2008 1259 2094; baseline 0 -18"><span class='ocrx_word' id='word_1_109' title='bbox 120 2011 191 2076; x_wconf 86' lang='lat' dir='ltr'>silio</span> <span class='ocrx_word' id='word_1_110' title='bbox 208 2016 297 2094; x_wconf 88' lang='lat' dir='ltr'>atque</span> <span class='ocrx_word' id='word_1_111' title='bbox 321 2015 431 2075; x_wconf 86' lang='lat' dir='ltr'>eventu</span> <span class='ocrx_word' id='word_1_112' title='bbox 454 2011 620 2093; x_wconf 86' lang='lat' dir='ltr'>quaeritur,</span> <span class='ocrx_word' id='word_1_113' title='bbox 646 2008 824 2094; x_wconf 87' lang='lat' dir='ltr'>plerumque</span> <span class='ocrx_word' id='word_1_114' title='bbox 847 2008 1007 2086; x_wconf 82' lang='lat' dir='ltr'>dissentio;</span> <span class='ocrx_word' id='word_1_115' title='bbox 1036 2030 1135 2075; x_wconf 84' lang='lat' dir='ltr'>veram</span> <span class='ocrx_word' id='word_1_116' title='bbox 1159 2015 1259 2076; x_wconf 90' lang='lat' dir='ltr'>tamen</span> 
     </span>
     <span class='ocr_line' id='line_1_16' title="bbox 123 2121 1258 2208; baseline -0.002 -17"><span class='ocrx_word' id='word_1_117' title='bbox 123 2127 266 2191; x_wconf 87' lang='lat' dir='ltr'>universe</span> <span class='ocrx_word' id='word_1_118' title='bbox 288 2122 502 2208; x_wconf 80' lang='lat' dir='ltr'>probatamque</span> <span class='ocrx_word' id='word_1_119' title='bbox 522 2121 741 2208; x_wconf 85' lang='lat' dir='ltr'>interpretandi</span> <span class='ocrx_word' id='word_1_120' title='bbox 760 2121 838 2186; x_wconf 90' lang='lat' dir='ltr'>viam</span> <span class='ocrx_word' id='word_1_121' title='bbox 861 2122 1083 2206; x_wconf 86' lang='lat' dir='ltr'>grammaticam</span> <span class='ocrx_word' id='word_1_122' title='bbox 1107 2128 1138 2187; x_wconf 88' lang='lat' dir='ltr'>et</span> <span class='ocrx_word' id='word_1_123' title='bbox 1160 2121 1258 2189; x_wconf 85' lang='lat' dir='ltr'>histo·</span> 
     </span>
     <span class='ocr_line' id='line_1_17' title="bbox 121 2236 1257 2325; baseline 0.004 -22"><span class='ocrx_word' id='word_1_124' title='bbox 121 2241 217 2304; x_wconf 85' lang='lat' dir='ltr'>ricem</span> <span class='ocrx_word' id='word_1_125' title='bbox 251 2260 320 2303; x_wconf 89' lang='lat' dir='ltr'>cum</span> <span class='ocrx_word' id='word_1_126' title='bbox 343 2242 479 2302; x_wconf 72' lang='lat' dir='ltr'>moutam</span> <span class='ocrx_word' id='word_1_127' title='bbox 511 2259 574 2301; x_wconf 85' lang='lat' dir='ltr'>esse</span> <span class='ocrx_word' id='word_1_128' title='bbox 600 2259 658 2303; x_wconf 88' lang='lat' dir='ltr'>usu</span> <span class='ocrx_word' id='word_1_129' title='bbox 685 2239 828 2324; x_wconf 87' lang='lat' dir='ltr'>comperi.</span> <span class='ocrx_word' id='word_1_130' title='bbox 877 2236 970 2303; x_wconf 83' lang='lat' dir='ltr'>Multa</span> <span class='ocrx_word' id='word_1_131' title='bbox 993 2238 1155 2325; x_wconf 85' lang='lat' dir='ltr'>Prophetae</span> <span class='ocrx_word' id='word_1_132' title='bbox 1178 2239 1257 2309; x_wconf 86' lang='lat' dir='ltr'>diota</span> 
     </span>
     <span class='ocr_line' id='line_1_18' title="bbox 118 2350 1254 2439; baseline 0 -19"><span class='ocrx_word' id='word_1_133' title='bbox 118 2360 213 2437; x_wconf 86' lang='lat' dir='ltr'>recte,</span> <span class='ocrx_word' id='word_1_134' title='bbox 234 2352 292 2417; x_wconf 87' lang='lat' dir='ltr'>alia</span> <span class='ocrx_word' id='word_1_135' title='bbox 317 2350 522 2438; x_wconf 86' lang='lat' dir='ltr'>probabiliter,</span> <span class='ocrx_word' id='word_1_136' title='bbox 542 2351 619 2431; x_wconf 87' lang='lat' dir='ltr'>alia,</span> <span class='ocrx_word' id='word_1_137' title='bbox 644 2353 703 2416; x_wconf 89' lang='lat' dir='ltr'>nisi</span> <span class='ocrx_word' id='word_1_138' title='bbox 736 2374 821 2430; x_wconf 88' lang='lat' dir='ltr'>vere,</span> <span class='ocrx_word' id='word_1_139' title='bbox 846 2357 878 2415; x_wconf 86' lang='lat' dir='ltr'>at</span> <span class='ocrx_word' id='word_1_140' title='bbox 899 2353 1054 2437; x_wconf 83' lang='lat' dir='ltr'>ingeniose</span> <span class='ocrx_word' id='word_1_141' title='bbox 1080 2352 1254 2439; x_wconf 79' lang='lat' dir='ltr'>explicavit,</span> 
     </span>
     <span class='ocr_line' id='line_1_19' title="bbox 119 2465 1256 2552; baseline 0 -19"><span class='ocrx_word' id='word_1_142' title='bbox 119 2490 184 2533; x_wconf 88' lang='lat' dir='ltr'>non</span> <span class='ocrx_word' id='word_1_143' title='bbox 208 2465 292 2532; x_wconf 89' lang='lat' dir='ltr'>nulla</span> <span class='ocrx_word' id='word_1_144' title='bbox 319 2466 467 2552; x_wconf 89' lang='lat' dir='ltr'>praeclare</span> <span class='ocrx_word' id='word_1_145' title='bbox 489 2466 573 2531; x_wconf 79' lang='lat' dir='ltr'>adeo.</span> <span class='ocrx_word' id='word_1_146' title='bbox 622 2465 767 2542; x_wconf 77' lang='lat' dir='ltr'>Quocirca</span> <span class='ocrx_word' id='word_1_147' title='bbox 789 2487 827 2530; x_wconf 90' lang='lat' dir='ltr'>ne</span> <span class='ocrx_word' id='word_1_148' title='bbox 854 2488 924 2531; x_wconf 87' lang='lat' dir='ltr'>eum</span> <span class='ocrx_word' id='word_1_149' title='bbox 950 2466 1092 2551; x_wconf 85' lang='lat' dir='ltr'>quidem,</span> <span class='ocrx_word' id='word_1_150' title='bbox 1125 2469 1180 2551; x_wconf 88' lang='lat' dir='ltr'>qui</span> <span class='ocrx_word' id='word_1_151' title='bbox 1203 2468 1256 2533; x_wconf 91' lang='lat' dir='ltr'>diu</span> 
     </span>
     <span class='ocr_line' id='line_1_20' title="bbox 118 2579 1255 2678; baseline 0.003 -34"><span class='ocrx_word' id='word_1_152' title='bbox 118 2582 153 2645; x_wconf 90' lang='lat' dir='ltr'>iu</span> <span class='ocrx_word' id='word_1_153' title='bbox 176 2581 290 2645; x_wconf 88' lang='lat' dir='ltr'>divinis</span> <span class='ocrx_word' id='word_1_154' title='bbox 316 2579 462 2678; x_wconf 76' lang='lat' dir='ltr'>habitavit</span> <span class='ocrx_word' id='word_1_155' title='bbox 484 2581 596 2644; x_wconf 78' lang='lat' dir='ltr'>tussiae</span> <span class='ocrx_word' id='word_1_156' title='bbox 619 2579 767 2660; x_wconf 89' lang='lat' dir='ltr'>oraculis,</span> <span class='ocrx_word' id='word_1_157' title='bbox 794 2579 876 2645; x_wconf 89' lang='lat' dir='ltr'>hunc</span> <span class='ocrx_word' id='word_1_158' title='bbox 903 2579 1089 2647; x_wconf 85' lang='lat' dir='ltr'>consuluisse</span> <span class='ocrx_word' id='word_1_159' title='bbox 1111 2584 1255 2669; x_wconf 85' lang='lat' dir='ltr'>Interpre-</span> 
     </span>
     <span class='ocr_line' id='line_1_21' title="bbox 117 2691 382 2780; baseline 0.004 -22"><span class='ocrx_word' id='word_1_160' title='bbox 117 2700 181 2758; x_wconf 89' lang='lat' dir='ltr'>tem</span> <span class='ocrx_word' id='word_1_161' title='bbox 204 2691 382 2780; x_wconf 89' lang='lat' dir='ltr'>poenitebit.</span> 
     </span>
    </p>
   </div>
   <div class='ocr_carea' id='block_1_3' title="bbox 117 3254 1256 3907">
    <p class='ocr_par' dir='ltr' id='par_1_3' title="bbox 117 3254 1256 3907">
     <span class='ocr_line' id='line_1_22' title="bbox 163 3254 1253 3343; baseline 0 -18"><span class='ocrx_word' id='word_1_162' title='bbox 163 3262 214 3326; x_wconf 86' lang='lat' dir='ltr'>His</span> <span class='ocrx_word' id='word_1_163' title='bbox 238 3261 377 3325; x_wconf 85' lang='lat' dir='ltr'>universe</span> <span class='ocrx_word' id='word_1_164' title='bbox 403 3259 527 3323; x_wconf 89' lang='lat' dir='ltr'>monitis</span> <span class='ocrx_word' id='word_1_165' title='bbox 552 3256 679 3343; x_wconf 87' lang='lat' dir='ltr'>paucula</span> <span class='ocrx_word' id='word_1_166' title='bbox 704 3261 783 3322; x_wconf 79' lang='lat' dir='ltr'>certe</span> <span class='ocrx_word' id='word_1_167' title='bbox 818 3254 965 3341; x_wconf 87' lang='lat' dir='ltr'>subjicere</span> <span class='ocrx_word' id='word_1_168' title='bbox 993 3255 1077 3320; x_wconf 87' lang='lat' dir='ltr'>lubet</span> <span class='ocrx_word' id='word_1_169' title='bbox 1100 3257 1147 3321; x_wconf 91' lang='lat' dir='ltr'>vel</span> <span class='ocrx_word' id='word_1_170' title='bbox 1174 3264 1253 3327; x_wconf 88' lang='lat' dir='ltr'>recte</span> 
     </span>
     <span class='ocr_line' id='line_1_23' title="bbox 117 3369 1252 3458; baseline -0.004 -17"><span class='ocrx_word' id='word_1_171' title='bbox 117 3376 179 3458; x_wconf 88' lang='lat' dir='ltr'>vel,</span> <span class='ocrx_word' id='word_1_172' title='bbox 201 3381 239 3440; x_wconf 91' lang='lat' dir='ltr'>ut</span> <span class='ocrx_word' id='word_1_173' title='bbox 261 3375 336 3438; x_wconf 92' lang='lat' dir='ltr'>mihi</span> <span class='ocrx_word' id='word_1_174' title='bbox 360 3374 481 3458; x_wconf 89' lang='lat' dir='ltr'>quidem</span> <span class='ocrx_word' id='word_1_175' title='bbox 506 3373 636 3451; x_wconf 83' lang='lat' dir='ltr'>uidetur,</span> <span class='ocrx_word' id='word_1_176' title='bbox 660 3393 746 3443; x_wconf 79' lang='lat' dir='ltr'>secus</span> <span class='ocrx_word' id='word_1_177' title='bbox 767 3371 920 3438; x_wconf 87' lang='lat' dir='ltr'>dictorum</span> <span class='ocrx_word' id='word_1_178' title='bbox 944 3369 1088 3456; x_wconf 84' lang='lat' dir='ltr'>exempla.</span> <span class='ocrx_word' id='word_1_179' title='bbox 1136 3372 1252 3438; x_wconf 80' lang='lat' dir='ltr'>Introi-</span> 
     </span>
     <span class='ocr_line' id='line_1_24' title="bbox 118 3484 1256 3574; baseline -0.004 -18"><span class='ocrx_word' id='word_1_180' title='bbox 118 3500 178 3574; x_wconf 81' lang='lat' dir='ltr'>tus,</span> <span class='ocrx_word' id='word_1_181' title='bbox 208 3495 244 3554; x_wconf 90' lang='lat' dir='ltr'>ut</span> <span class='ocrx_word' id='word_1_182' title='bbox 267 3491 338 3554; x_wconf 89' lang='lat' dir='ltr'>hinc</span> <span class='ocrx_word' id='word_1_183' title='bbox 364 3490 536 3564; x_wconf 87' lang='lat' dir='ltr'>ordiamur,</span> <span class='ocrx_word' id='word_1_184' title='bbox 562 3493 593 3552; x_wconf 87' lang='lat' dir='ltr'>et</span> <span class='ocrx_word' id='word_1_185' title='bbox 615 3485 687 3551; x_wconf 84' lang='lat' dir='ltr'>abbi</span> <span class='ocrx_word' id='word_1_186' title='bbox 710 3485 805 3551; x_wconf 89' lang='lat' dir='ltr'>multa</span> <span class='ocrx_word' id='word_1_187' title='bbox 831 3484 914 3551; x_wconf 86' lang='lat' dir='ltr'>bona</span> <span class='ocrx_word' id='word_1_188' title='bbox 938 3487 1074 3551; x_wconf 87' lang='lat' dir='ltr'>continet</span> <span class='ocrx_word' id='word_1_189' title='bbox 1099 3491 1130 3552; x_wconf 89' lang='lat' dir='ltr'>et</span> <span class='ocrx_word' id='word_1_190' title='bbox 1151 3487 1256 3566; x_wconf 61' lang='lat' dir='ltr'>sama</span> 
     </span>
     <span class='ocr_line' id='line_1_25' title="bbox 118 3599 1252 3692; baseline -0.003 -22"><span class='ocrx_word' id='word_1_191' title='bbox 118 3606 267 3692; x_wconf 86' lang='lat' dir='ltr'>imprimis</span> <span class='ocrx_word' id='word_1_192' title='bbox 288 3605 425 3670; x_wconf 81' lang='lat' dir='ltr'>sectione.</span> <span class='ocrx_word' id='word_1_193' title='bbox 473 3605 539 3679; x_wconf 80' lang='lat' dir='ltr'>Qua</span> <span class='ocrx_word' id='word_1_194' title='bbox 561 3623 631 3668; x_wconf 90' lang='lat' dir='ltr'>vero</span> <span class='ocrx_word' id='word_1_195' title='bbox 647 3606 789 3683; x_wconf 84' lang='lat' dir='ltr'>exeunte,</span> <span class='ocrx_word' id='word_1_196' title='bbox 807 3599 921 3665; x_wconf 88' lang='lat' dir='ltr'>nullam</span> <span class='ocrx_word' id='word_1_197' title='bbox 939 3600 1027 3685; x_wconf 86' lang='lat' dir='ltr'>plane</span> <span class='ocrx_word' id='word_1_198' title='bbox 1045 3602 1252 3667; x_wconf 86' lang='lat' dir='ltr'>auctoritatem</span> 
     </span>
     <span class='ocr_line' id='line_1_26' title="bbox 118 3714 1251 3802; baseline -0.002 -16"><span class='ocrx_word' id='word_1_199' title='bbox 118 3722 227 3786; x_wconf 85' lang='lat' dir='ltr'>habere</span> <span class='ocrx_word' id='word_1_200' title='bbox 249 3719 407 3784; x_wconf 88' lang='lat' dir='ltr'>contendit</span> <span class='ocrx_word' id='word_1_201' title='bbox 429 3719 620 3802; x_wconf 89' lang='lat' dir='ltr'>opinionem,</span> <span class='ocrx_word' id='word_1_202' title='bbox 648 3737 724 3799; x_wconf 88' lang='lat' dir='ltr'>qnae</span> <span class='ocrx_word' id='word_1_203' title='bbox 745 3715 830 3799; x_wconf 69' lang='lat' dir='ltr'>repat</span> <span class='ocrx_word' id='word_1_204' title='bbox 850 3714 975 3780; x_wconf 82' lang='lat' dir='ltr'>Judoici</span> <span class='ocrx_word' id='word_1_205' title='bbox 994 3716 1179 3781; x_wconf 80' lang='lat' dir='ltr'>Historiccm</span> <span class='ocrx_word' id='word_1_206' title='bbox 1205 3719 1251 3802; x_wconf 84' lang='lat'>(1)</span> 
     </span>
     <span class='ocr_line' id='line_1_27' title="bbox 118 3829 1252 3907; baseline -0.004 -8"><span class='ocrx_word' id='word_1_207' title='bbox 118 3836 212 3900; x_wconf 85' lang='lat' dir='ltr'>tuisse</span> <span class='ocrx_word' id='word_1_208' title='bbox 234 3836 342 3900; x_wconf 89' lang='lat' dir='ltr'>statuit</span> <span class='ocrx_word' id='word_1_209' title='bbox 361 3834 509 3898; x_wconf 75' lang='lat' dir='ltr'>dorcium.</span> <span class='ocrx_word' id='word_1_210' title='bbox 558 3830 644 3907; x_wconf 83' lang='lat' dir='ltr'>Quod</span> <span class='ocrx_word' id='word_1_211' title='bbox 669 3829 768 3895; x_wconf 85' lang='lat' dir='ltr'>videat</span> <span class='ocrx_word' id='word_1_212' title='bbox 798 3829 848 3895; x_wconf 79' lang='lat' dir='ltr'>Vir</span> <span class='ocrx_word' id='word_1_213' title='bbox 878 3829 1067 3896; x_wconf 89' lang='lat' dir='ltr'>doctissimus</span> <span class='ocrx_word' id='word_1_214' title='bbox 1095 3853 1132 3895; x_wconf 88' lang='lat' dir='ltr'>ne</span> <span class='ocrx_word' id='word_1_215' title='bbox 1162 3832 1252 3896; x_wconf 89' lang='lat' dir='ltr'>nimis</span> 
     </span>
    </p>
   </div>
   <div class='ocr_carea' id='block_1_4' title="bbox 115 4029 280 4039">
    <p class='ocr_par' dir='ltr' id='par_1_4' title="bbox 115 4029 280 4039">
     <span class='ocr_line' id='line_1_28' title="bbox 115 4029 280 4039; baseline -0.012 0"><span class='ocrx_word' id='word_1_216' title='bbox 115 4029 280 4039; x_wconf 66' lang='lat'>...—-—---</span> 
     </span>
    </p>
   </div>
   <div class='ocr_carea' id='block_1_5' title="bbox 118 4143 1251 4495">
    <p class='ocr_par' dir='ltr' id='par_1_5' title="bbox 118 4143 1251 4495">
     <span class='ocr_line' id='line_1_29' title="bbox 153 4143 1251 4217; baseline -0.01 -13"><span class='ocrx_word' id='word_1_217' title='bbox 153 4155 188 4217; x_wconf 79' lang='lat' dir='ltr'>(i)</span> <span class='ocrx_word' id='word_1_218' title='bbox 209 4151 296 4204; x_wconf 88' lang='lat' dir='ltr'>Germ.</span> <span class='ocrx_word' id='word_1_219' title='bbox 314 4149 508 4204; x_wconf 81' lang='lat' dir='ltr'>Reiclsunnulisr</span> <span class='ocrx_word' id='word_1_220' title='bbox 524 4151 548 4200; x_wconf 80' lang='lat' dir='ltr'>in</span> <span class='ocrx_word' id='word_1_221' title='bbox 565 4147 642 4200; x_wconf 75' lang='lat' dir='ltr'>Juda.</span> <span class='ocrx_word' id='word_1_222' title='bbox 661 4173 692 4187; x_wconf 92' lang='lat'>·-</span> <span class='ocrx_word' id='word_1_223' title='bbox 711 4147 769 4198; x_wconf 86' lang='lat' dir='ltr'>Non</span> <span class='ocrx_word' id='word_1_224' title='bbox 788 4145 851 4197; x_wconf 90' lang='lat' dir='ltr'>mihi</span> <span class='ocrx_word' id='word_1_225' title='bbox 867 4145 995 4203; x_wconf 87' lang='lat' dir='ltr'>constitit,</span> <span class='ocrx_word' id='word_1_226' title='bbox 1012 4151 1099 4195; x_wconf 88' lang='lat' dir='ltr'>utrum</span> <span class='ocrx_word' id='word_1_227' title='bbox 1110 4143 1251 4194; x_wconf 90' lang='lat' dir='ltr'>solumhoc</span> 
     </span>
     <span class='ocr_line' id='line_1_30' title="bbox 118 4234 1251 4313; baseline -0.012 -14"><span class='ocrx_word' id='word_1_228' title='bbox 118 4258 195 4313; x_wconf 79' lang='lat' dir='ltr'>neget</span> <span class='ocrx_word' id='word_1_229' title='bbox 213 4247 321 4308; x_wconf 85' lang='lat' dir='ltr'>Auctor,</span> <span class='ocrx_word' id='word_1_230' title='bbox 337 4243 432 4310; x_wconf 72' lang='lat' dir='ltr'>publicai</span> <span class='ocrx_word' id='word_1_231' title='bbox 448 4260 506 4294; x_wconf 88' lang='lat' dir='ltr'>eum</span> <span class='ocrx_word' id='word_1_232' title='bbox 527 4243 663 4293; x_wconf 79' lang='lat' dir='ltr'>auctoritare</span> <span class='ocrx_word' id='word_1_233' title='bbox 683 4241 801 4292; x_wconf 85' lang='lat' dir='ltr'>historias</span> <span class='ocrx_word' id='word_1_234' title='bbox 820 4240 1011 4303; x_wconf 80' lang='lat' dir='ltr'>conscripsisse,</span> <span class='ocrx_word' id='word_1_235' title='bbox 1032 4251 1063 4286; x_wconf 88' lang='lat' dir='ltr'>an</span> <span class='ocrx_word' id='word_1_236' title='bbox 1081 4249 1142 4285; x_wconf 81' lang='lat' dir='ltr'>vero</span> <span class='ocrx_word' id='word_1_237' title='bbox 1154 4234 1251 4285; x_wconf 84' lang='lat' dir='ltr'>nullam</span> 
     </span>
     <span class='ocr_line' id='line_1_31' title="bbox 118 4329 1249 4404; baseline -0.012 -13"><span class='ocrx_word' id='word_1_238' title='bbox 118 4343 223 4394; x_wconf 86' lang='lat' dir='ltr'>omniuo</span> <span class='ocrx_word' id='word_1_239' title='bbox 232 4338 412 4402; x_wconf 85' lang='lat' dir='ltr'>consignandis</span> <span class='ocrx_word' id='word_1_240' title='bbox 424 4339 519 4400; x_wconf 86' lang='lat' dir='ltr'>patriae</span> <span class='ocrx_word' id='word_1_241' title='bbox 531 4335 665 4386; x_wconf 84' lang='lat' dir='ltr'>annalibus</span> <span class='ocrx_word' id='word_1_242' title='bbox 677 4349 782 4398; x_wconf 86' lang='lat' dir='ltr'>operam</span> <span class='ocrx_word' id='word_1_243' title='bbox 793 4334 889 4404; x_wconf 75' lang='lat' dir='ltr'>dedisse</span> <span class='ocrx_word' id='word_1_244' title='bbox 902 4332 1059 4394; x_wconf 87' lang='lat' dir='ltr'>Prophetam</span> <span class='ocrx_word' id='word_1_245' title='bbox 1071 4329 1208 4379; x_wconf 84' lang='lat' dir='ltr'>existimet.</span> <span class='ocrx_word' id='word_1_246' title='bbox 1218 4352 1249 4364; x_wconf 91' lang='lat'><em>-</em></span> 
     </span>
     <span class='ocr_line' id='line_1_32' title="bbox 119 4425 1017 4495; baseline -0.011 -11"><span class='ocrx_word' id='word_1_247' title='bbox 119 4432 202 4495; x_wconf 84' lang='lat' dir='ltr'>Quem</span> <span class='ocrx_word' id='word_1_248' title='bbox 220 4433 309 4485; x_wconf 86' lang='lat' dir='ltr'>laudat</span> <span class='ocrx_word' id='word_1_249' title='bbox 327 4429 531 4495; x_wconf 67' lang='lat' dir='ltr'>Prophetarum,</span> <span class='ocrx_word' id='word_1_250' title='bbox 553 4444 610 4479; x_wconf 87' lang='lat' dir='ltr'>eum</span> <span class='ocrx_word' id='word_1_251' title='bbox 629 4443 699 4479; x_wconf 87' lang='lat' dir='ltr'>nunc</span> <span class='ocrx_word' id='word_1_252' title='bbox 717 4427 849 4478; x_wconf 84' lang='lat' dir='ltr'>consulare</span> <span class='ocrx_word' id='word_1_253' title='bbox 868 4439 919 4475; x_wconf 93' lang='lat' dir='ltr'>non</span> <span class='ocrx_word' id='word_1_254' title='bbox 937 4425 1017 4489; x_wconf 89' lang='lat' dir='ltr'>potui.</span> 
     </span>
    </p>
   </div>
   <div class='ocr_carea' id='block_1_6' title="bbox 0 0 1396 4958">
    <p class='ocr_par' dir='ltr' id='par_1_6' title="bbox 0 0 1396 4958">
     <span class='ocr_line' id='line_1_33' title="bbox 0 0 1396 4958; baseline 0 0"><span class='ocrx_word' id='word_1_255' title='bbox 0 0 1396 4958; x_wconf 95' lang='lat' dir='ltr'> </span> 
     </span>
    </p>
   </div>
  </div>
 </body>
</html>
