2782 4958
156 344 218 406 156
544 357 583 398 nr
607 355 706 399 norea
732 351 894 397 orruncrrs

154 527 232 591 hanc
254 491 346 610 ipsam
371 544 424 608 per
447 526 559 606 septem
581 527 613 585 et
635 521 780 606 triginta,
801 521 854 604 qui
879 521 956 583 vitae
980 517 1089 602 reliqui
1111 523 1210 595 erant,
1234 539 1283 584 an·

154 662 210 705 nos
228 641 273 704 sic
288 639 417 712 ornavit,
439 642 474 702 ut
492 635 627 700 docendo
648 657 683 700 ac
703 616 858 699 doctrinae
878 639 1073 699 monumenta
1091 633 1210 700 mendo
1224 639 1284 699 tam

154 761 340 820 constantem
371 751 429 816 sibi
451 751 663 815 Studiosorum
686 770 817 813 amorem
839 770 874 812 ac
898 748 1123 813 venerationem
1146 748 1286 812 concilia·

154 877 219 947 rat,
242 891 277 933 ac
299 873 359 932 tam
383 866 493 931 claram
516 865 649 929 nominis
677 863 883 927 celebritatem
914 868 1172 946 consequeretur,
1198 883 1286 947 qnam

153 983 341 1071 paucissimis
364 982 411 1046 vel
433 984 552 1057 nostrae
577 978 624 1046 rel
647 977 823 1062 cujusquam
846 976 1021 1062 disciplinae
1044 977 1224 1062 contingere
1243 997 1288 1040 so·

154 1100 197 1165 let
217 1095 454 1165 Proless'oribus.

198 1434 257 1500 Sed
280 1454 341 1518 quo
364 1433 459 1519 pluris
480 1404 579 1517 ipsum
603 1431 762 1506 faciamus,
786 1435 817 1495 et
838 1451 898 1515 quo
921 1431 1050 1496 interius
1072 1432 1104 1495 in
1131 1430 1197 1515 ejus
1221 1450 1297 1516 ope·

153 1570 221 1614 rum
254 1551 400 1613 rationem
433 1553 521 1630 atque
550 1545 683 1611 indolem
707 1569 762 1610 noa
783 1547 991 1621 insinuemus,
1021 1546 1103 1630 quali
1129 1551 1162 1610 et
1189 1547 1299 1609 animo

154 1663 248 1727 fuerit
262 1667 293 1726 et
315 1683 439 1747 corpore
458 1661 699 1746 perpendendum
717 1667 775 1725 est.
811 1659 880 1725 Jam
904 1661 941 1724 da
956 1662 1006 1746 pit
1026 1661 1109 1725 illins
1128 1661 1299 1744 Deumque

156 1800 190 1842 ac
213 1777 370 1842 Christum
394 1780 555 1839 venerante
583 1782 682 1839 mente
705 1781 737 1839 et
763 1797 819 1839 nos
847 1797 937 1860 supra
963 1777 1025 1860 jam
1050 1796 1146 1860 pauca
1169 1776 1301 1839 monui·

156 1912 233 1970 mus,
254 1898 283 1955 et
300 1912 403 1955 omnes
424 1912 535 1976 magno
551 1912 697 1955 consensu
712 1891 918 1956 testimonium
934 1891 1044 1968 edunt,
1063 1891 1116 1975 qui
1131 1891 1299 1976 cognitum

156 2027 224 2071 enm
253 2006 425 2071 habuerunt
447 2007 573 2090 aliisque
604 1981 848 2091 cognoscendum
879 2006 1042 2082 dederont,
1064 2006 1204 2088 quamvis
1231 2011 1300 2068 stn-

156 2121 215 2185 diis
242 2121 372 2196 diversi,
400 2120 470 2184 Viri
497 2121 588 2184 docti.
636 2118 717 2183 Mihi
749 2120 847 2204 igitur
873 2119 911 2183 de
936 2118 1115 2184 Neandro
1140 2120 1300 2204 cogitanti

156 2240 261 2321 sponte
283 2238 316 2299 in
339 2242 471 2299 mentem
494 2232 688 2309 recurrebat,
715 2235 794 2318 quod
818 2235 850 2297 in
873 2255 941 2298 eum
965 2235 1099 2326 apprime
1127 2235 1296 2312 convenit,

157 2350 283 2416 Lucae
314 2349 351 2413 de
378 2349 528 2413 Bar-naba
551 2348 697 2432 Apostolo
720 2348 856 2413 dictum:
891 2347 944 2411 Vir
968 2348 1060 2412 bonas
1081 2357 1150 2413 erat
1167 2336 1303 2412 'Sanati-

157 2487 213 2551 quc
235 2462 371 2549 Spiritus
393 2475 421 2528 et
434 2462 517 2548 fidei
535 2463 647 2547 plenus
670 2465 730 2545 (l).
779 2464 881 2545 Atque
903 2462 966 2542 ille,
990 2463 1019 2525 si.
1035 2461 1105 2545 quis
1123 2459 1214 2538 alins,
1235 2461 1305 2525 nisi

158 2575 304 2640 modestia
323 2574 507 2650 obstitisset,
531 2575 574 2638 ad·
587 2596 676 2639 suum
692 2574 922 2640 describendum
940 2577 1071 2640 animum
1087 2574 1136 2638 his
1155 2573 1302 2640 Paulli

157 2690 296 2774 Apostoli
320 2688 420 2754 verbis
441 2691 488 2753 uti
511 2691 660 2774 potuisset
682 2712 716 2754 ao
740 2689 1021 2755 testificationibus:
1047 2692 1144 2775 Ἐμοί
1167 2717 1204 2757 το
1235 2693 1300 2776 ζῇν

160 2923 216 2983 τοῦ
241 2921 334 2984 Θεοῦ.
362 2918 411 2986 ‘H
428 2923 489 3003 γὰρ
514 2920 624 3004 ἀγάπη
642 2926 698 2985 τοῦ
719 2927 863 3005 Χριστοῦ
888 2921 1014 3006 συνέχει
1035 2927 1118 3004 ἡμᾶς
1138 2915 1201 3003 (2)
1221 2916 1305 2981 Pro-

158 3030 238 3093 fecto
258 3031 358 3115 -igitur
376 3041 482 3115 pertua
504 3053 579 3107 ease,
604 3034 685 3116 quod
712 3033 890 3118 Theolopum
906 3034 1026 3119 saciat,
1053 3031 1120 3110 hoo,
1147 3030 1184 3094 ad
1204 3052 1301 3095 sunm

159 3143 255 3227 ipsius
284 3147 389 3227 pectus
419 3146 610 3229 respicienti,
645 3145 779 3229 profiteri
811 3167 846 3208 ao
875 3167 928 3229 pro
959 3147 1038 3209 vitae
1064 3146 1302 3230 studiorumque

43 3345 48 3354 Ι
159 3261 272 3322 tessart
295 3279 439 3343 usurpare
462 3258 570 3324 licebat
594 3261 796 3325 Neandro.

204 3373 263 3438 Sed
293 3373 363 3437 talis
387 3373 436 3437 hic
459 3396 494 3437 ao
516 3380 577 3438 tam
601 3374 788 3459 praestabilis
818 3375 900 3439 illins
922 3377 1041 3439 animus
1063 3376 1148 3439 dictu
1171 3376 1299 3440 difficile

161 3493 221 3568 est,
242 3510 332 3573 quam
361 3489 514 3553 infirmum
538 3510 572 3551 ao
595 3511 683 3573 qnam
714 3490 858 3553 caducum
886 3490 1031 3554 incoleret
1053 3494 1186 3575 corporis
1211 3491 1299 3556 habi·

161 3602 307 3668 taculum.
348 3605 376 3667 A
399 3603 487 3686 cujus
510 3602 622 3665 morbis
641 3610 731 3687 atquo
750 3604 862 3668 iterum
881 3605 1051 3688 iterumque
1068 3603 1299 3669 recurrentibus

161 3715 333 3796 doloribus,
359 3721 423 3780 toto
446 3717 509 3780 fere
534 3718 612 3779 vitae
636 3723 791 3800 tempore,
817 3739 878 3781 non
902 3723 1052 3781 tentatum
1077 3739 1109 3781 se
1132 3717 1293 3795 sentiebat,

161 3851 266 3895 verum
290 3833 461 3914 depressum
485 3854 519 3895 ac
542 3834 718 3896 cruciatum.
753 3870 797 3880 -
821 3833 1128 3897 Taschirnernm
1157 3835 1293 3916 quidem,

162 3944 249 4028 quus
272 3946 362 4008 etiam
386 3946 481 4030 ipsius
512 3967 655 4031 magnum
679 3947 711 4035 in
734 3946 900 4032 Theologiat
930 3948 1074 4011 historica
1095 3969 1204 4011 nomen
1229 3956 1293 4029 est,

73 4064 76 4073 '
162 4060 321 4144 postremis
344 4061 449 4122 aetatis
472 4061 557 4123 annis
583 4063 769 4170 tamngravie
792 4083 966 4146 perpessum
994 4084 1057 4127 esse
1080 4065 1211 4147 pectoris
1234 4065 1295 4128 im-

174 4233 313 4242 ..-—-——.-

198 4323 238 4386 (ι)
256 4326 321 4374 Acte
336 4324 403 4389 App.
422 4325 472 4376 xr.
490 4331 532 4374 24.

198 4417 234 4477 (2)
256 4417 362 4482 Philipp.
381 4419 401 4468 I.
421 4425 474 4468 21³,
495 4417 576 4469 Galat.
595 4420 628 4470 II.
648 4417 700 4469 20h.
719 4429 733 4470 2
753 4420 855 4472 Corioli.
875 4422 908 4471 V.
931 4427 969 4470 14.
