2782 4958
128 320 169 381 62
612 340 770 384 uranoanrr

128 526 348 572 nemannus.
399 504 468 568 Jam
492 506 595 569 dicant
618 504 712 581 mihi,
744 507 797 589 qui
830 507 971 571 Paullino
1005 529 1075 573 cnm
1109 506 1257 572 scribendi

126 643 209 686 more
232 619 480 685 consuetudinem
510 621 734 699 contraxerint,
760 640 834 684 unm
863 643 989 706 nsquam
1020 623 1106 688 illins
1130 622 1260 708 legerint

126 743 188 802 taur
211 736 320 800 exilem
342 736 564 812 salutationem,
590 753 667 819 quae
697 735 809 800 nnllam
833 737 981 820 adjectam
1004 735 1114 803 habeat
1130 737 1179 802 nel
1203 737 1259 801 Dei

126 853 172 918 nel
191 852 307 917 Christi
328 850 374 915 cel
396 851 556 934 utriusque
577 852 784 916 mentionem?
821 853 918 936 Cujus
932 852 1042 936 judicii
1061 852 1260 918 confirmandi

127 969 232 1033 caused
253 966 409 1051 adipsum
430 964 651 1049 quodammodo
673 987 835 1050 provocare
858 967 931 1031 licet
949 967 1259 1045 Lunemauuum‚

127 1082 197 1167 qui,
220 1079 427 1145 annotationis
454 1078 487 1141 in
515 1081 589 1141 sect.
622 1078 640 1142 1
668 1078 745 1156 fine,
781 1077 839 1143 sibi
869 1101 930 1142 non
961 1080 1074 1164 optime
1099 1086 1258 1158 constans,

127 1197 322 1281 grammatice
351 1195 379 1257 si
402 1198 576 1276 spectentur
605 1191 679 1256 haec
700 1191 808 1269 verba,
839 1214 910 1258 cum
930 1193 1155 1278 superioribus,
1185 1215 1261 1278 quae

126 1311 302 1385 attulimus,
325 1309 359 1373 in
378 1328 473 1371 unum
488 1305 654 1391 copulanda
675 1328 740 1370 esse
763 1309 956 1375 enuntiatum
971 1309 1122 1377 concedit.
1134 1308 1262 1373 -Hoc

126 1411 262 1510 exemplo
292 1422 401 1487 moniti
422 1421 551 1485 Critices
580 1421 700 1485 discant
723 1423 855 1502 tirones,
881 1423 1128 1507 nunt-quamvis
1150 1424 1261 1506 magud

126 1538 251 1603 testium
272 1538 452 1602 auctoritate
476 1535 638 1600 lectionem
659 1535 780 1600 defendi
803 1559 889 1617 posse
910 1561 973 1602 uon
995 1538 1117 1614 οοοοοο,
1135 1542 1172 1601 ut
1194 1536 1260 1601 Er·

128 1655 288 1717 nestino
310 1673 392 1715 more
415 1651 529 1727 dicam,
551 1650 583 1713 id
607 1655 654 1714 est
675 1651 723 1714 vel
745 1650 918 1725 absurdam,
942 1651 992 1716 nel
1013 1655 1096 1714 certe
1118 1648 1157 1713 ab
1179 1652 1260 1714 Auc-

128 1768 205 1832 toris
226 1767 384 1844 constanti,
402 1765 440 1829 de
462 1767 523 1849 qud
544 1764 649 1829 multis
670 1771 788 1830 constet
808 1766 964 1851 exemplis,
983 1764 1204 1831 conanetudine
1217 1758 1270 1828 re?

129 1882 284 1946 cedentem
308 1887 397 1967 atque
420 1879 630 1946 abhorrentem
653 1881 667 1965 (
692 1880 718 1963 l.

176 2223 191 2282 1
223 2217 321 2282 ibera.
340 2217 369 2279 Ι.
394 2221 427 2282 7.
452 2218 512 2282 Pro
535 2225 657 2295 τύπους
678 2217 839 2303 legendum
857 2239 925 2282 esse
943 2218 1126 2303 singularem
1142 2225 1259 2294 τύπον,

129 2330 280 2396 οοοοοοω
304 2331 517 2397 nonnullorum
540 2331 640 2397 Oodd.
667 2333 860 2412 anctoritate,
884 2333 950 2397 sine
972 2331 1162 2396 dubitatione
1185 2352 1261 2394 asse·

129 2451 215 2511 verat
235 2445 404 2529 Interpres.
452 2444 515 2517 Qui
538 2447 625 2534 bajus
648 2446 786 2511 lectionis
809 2448 839 2511 in
864 2447 997 2532 patronis
1027 2448 1125 2531 ipsum
1155 2446 1258 2519 etiam,

129 2560 183 2645 qui
205 2563 363 2643 utramque
386 2560 451 2642 pari
473 2559 540 2624 loco
563 2566 677 2637 censet,
694 2566 832 2626 numerat
858 2559 1101 2628 Gciesbocdiam.
1133 2559 1184 2624 Ita
1197 2581 1261 2623 eam

128 2676 161 2737 et
182 2671 233 2735 alii
256 2675 382 2737 tuentur
405 2676 436 2735 et
458 2671 521 2748 ille,
538 2672 626 2756 eujus
648 2674 760 2739 talibus
775 2677 806 2739 in
822 2675 912 2740 rebus
923 2676 1071 2760 judicium
1088 2696 1156 2738 meo
1172 2674 1262 2759 longe

129 2785 276 2849 anteferre
298 2785 391 2863 soleo,
420 2784 611 2851 Wiuerus
635 2787 702 2874 (2),
735 2795 771 2854 ut
799 2789 1109 2854 Thessalonicenaiurn
1141 2794 1261 2854 coetum

129 2906 272 2983 tanquam
302 2919 393 2963 unam
426 2899 556 2984 aliquam
588 2901 744 2968 hominnm
773 2906 1000 2969 universitatem
1030 2904 1083 2968 hic
1111 2906 1263 2988 spectasse

128 3013 307 3096 Apostolum
330 3021 479 3079 moneant.
526 3017 628 3082 Audio
650 3040 734 3082 saue.
781 3021 824 3085 At
839 3019 1032 3084 vehementer
1046 3017 1153 3084 dubito
1168 3018 1260 3095 idem,

128 3148 201 3192 num
224 3128 282 3192 hoc
304 3128 363 3193 sibi
386 3129 489 3194 volens
511 3131 636 3197 Paullus
659 3134 854 3199 durissimum
877 3137 978 3220 potius
999 3133 1076 3198 illud
1099 3137 1191 3216 atque
1213 3133 1263 3196 in·

128 3243 250 3308 ficetum
273 3242 464 3328 praebiturus
487 3247 594 3310 luisset
613 3252 696 3334 ὑμᾶς
719 3251 834 3328 τύπον,
853 3270 954 3333 quam,
972 3248 1053 3335 quod
1075 3268 1124 3311 res
1139 3251 1172 3310 et
1186 3247 1264 3311 ratio

130 3364 162 3422 et
183 3356 327 3423 offerebat
349 3365 381 3423 et
403 3359 593 3443 requirebat,
617 3367 706 3448 ὑμῶν
735 3371 797 3448 τὴν
825 3364 1014 3451 ἐκκλησίαν.
1062 3362 1178 3427 Verum
1202 3383 1263 3426 non

128 3473 265 3558 ineptum
288 3493 353 3536 esse
376 3473 491 3538 dictum
514 3480 596 3562 ὑμᾶς
612 3481 716 3571 τύπον
740 3477 826 3541 Viris
843 3477 1027 3542 doctissimis
1048 3476 1260 3542 concedamus.

135 3642 275 3655 ψ

162 3756 200 3818 ll)
218 3753 326 3809 Nostrae
341 3760 429 3810 huicce
446 3761 609 3824 disputationi
627 3776 715 3824 nemo,
732 3757 817 3823 credo,
834 3765 1007 3828 salutationis,
1019 3779 1084 3829 qnae
1098 3761 1188 3814 Colore.
1205 3762 1228 3813 1.
1246 3768 1261 3812 2

129 3848 222 3912 scripta
237 3857 335 3908 exstat,
354 3852 503 3903 brevitatem
524 3851 632 3915 objiciet.
676 3856 715 3907 lbi
740 3859 821 3919 enirn,
847 3859 868 3908 si
883 3859 923 3908 vel
945 3860 1023 3909 verba
1042 3856 1190 3908 sustuleris:
1211 3857 1260 3903 nat

129 3941 225 4008 κυρίου
234 3936 333 4008 Ἰησοῦ
347 3941 483 4010 Χριστοῦ,
496 3947 563 4009 quod
574 3948 676 3999 testium
687 3950 845 4009 auctoritate,
858 3951 981 4014 probante
997 3951 1127 4014 Meyero
1142 3947 1259 4015 aliisque,

129 4037 188 4102 ¹iecit
204 4034 452 4095 Griesbachius;
470 4040 569 4103 integra
585 4047 669 4092 tamen
689 4042 752 4093 haec
770 4051 856 4094 manet
877 4045 1007 4095 salutatio:
1029 4043 1109 4113 χάρις
1128 4043 1193 4107 ὑμῖν
1211 4049 1260 4096 καὶ

129 4131 226 4199 εἰρήνη
240 4127 293 4180 ἀπὸ
311 4127 384 4179 Θεοῦ
402 4125 509 4199 πατρὸς
528 4131 611 4196 ἡμῶν.
647 4133 836 4188 caristiensem
853 4152 946 4188 nomen
965 4139 1000 4188 ita
1014 4140 1131 4203 proxime
1148 4155 1263 4205 praeces·

128 4233 204 4286 serat,
223 4234 252 4275 ut
267 4224 322 4288 ejus
335 4240 387 4274 non
402 4227 574 4290 requireretur
592 4228 717 4292 repetitio.

163 4318 199 4382 (2)
219 4292 326 4369 Gratim.
342 4315 384 4367 des
404 4325 499 4368 mutat.
515 4317 710 4383 Spraclridiome,
736 4324 776 4372 ed.
797 4327 822 4383 5,
842 4339 867 4387 p.
894 4328 953 4384 200,
979 4324 1023 4374 nbi
1045 4331 1165 4389 typorum
1188 4341 1261 4379 error

127 4411 213 4462 locum
227 4417 350 4462 memorat
369 4416 379 4460 l
401 4409 484 4461 Ticer·
504 4411 526 4461 Ι.
544 4417 567 4462 8.
603 4411 678 4473 Quod
695 4414 756 4464 item
772 4415 798 4463 in
815 4412 900 4464 Indice
916 4416 1078 4467 commissum
1096 4418 1176 4469 video.
