2782 4958
548 339 587 381 nn
610 339 788 384 suerronns.
1196 322 1236 382 15

151 508 228 581 Non
249 505 294 579 ita
307 528 386 577 sane
400 503 480 576 baec
494 528 514 575 a
526 527 579 577 me
592 501 679 576 dicta
692 502 924 592 existimabitis,
935 503 1038 603 {quasi
1057 506 1235 604 quaemihi

102 656 136 707 sc
148 630 332 730 probbrunt
349 626 391 702 de
408 627 509 703 rebus
523 625 641 700 divinis
652 624 781 725 placita,
802 651 842 698 ea
854 625 957 699 Vobis
976 627 1076 703 veluti
1091 629 1123 701 in
1137 629 1237 703 clien-

101 755 196 831 telam
221 750 451 827 commendare
471 751 514 824 'a'c
537 749 706 849 sequenda
721 751 911 849 praecipere
927 748 1033 824 velim.
1075 759 1106 824 A
1123 755 1237 851 cujus·

102 877 188 953 modi
214 875 403 974 arrogantia
434 888 533 974 atque
562 871 783 947 illiberalitate
808 868 1012 973 quantopere
1040 875 1236 952 abhorream

105 1001 275 1101 equidem,
302 1001 369 1073 Vos
394 1012 484 1072 certe
509 998 599 1071 scitis
624 1023 746 1072 omnes.
798 999 867 1072 Nec
890 1022 951 1096 ego
976 998 1106 1092 nescio,
1129 1026 1238 1101 neque

104 1149 215 1222 aegre-
234 1123 321 1210 lero,
350 1123 504 1196 Vestrum
530 1120 695 1195 nonnulis
712 1168 713 1172 =
732 1121 828 1219 longe
857 1120 1019 1194 diversam
1056 1122 1239 1221 explicandi

65 1315 80 1333 ,
105 1273 231 1322 sacram
261 1246 441 1320 doctrinam
466 1270 506 1319 ac
522 1242 631 1319 Seculi
651 1244 739 1317 vitiis
760 1245 953 1318 occurrendi
974 1247 1059 1319 viam
1084 1251 1238 1349 praepla-

105 1393 176 1443 cere
204 1393 245 1442 ac
269 1349 438 1442 rationem.
491 1367 579 1456 Quid
604 1369 728 1467 igitur?
777 1371 871 1455 Quae
900 1368 954 1441 hlc
978 1369 1066 1444 dicta
1090 1367 1239 1472 displice·

104 1489 203 1581 bunt,
239 1504 297 1563 aut
327 1516 413 1590 quae
445 1493 553 1565 minus
576 1491 749 1566 commode
777 1492 924 1590 exposita
955 1495 1148 1584 censebitis,
1186 1500 1239 1572 vel

103 1614 191 1690 taciti
213 1612 455 1713 improbabitis,
488 1615 706 1714 caligantibus
727 1615 847 1714 ingenii
867 1617 969 1689 nostri
994 1619 1105 1692 senilis
1135 1623 1239 1695 oculis

100 1734 330 1836 ignoscentes,
345 1738 396 1810 rel
416 1739 461 1812 ita
480 1740 617 1813 forsitan
630 1738 815 1814 relutabitis
829 1739 956 1839 (quidni
970 1742 1056 1815 enim
1077 1744 1236 1844 faciatisl)

102 1874 155 1953 ut,
172 1863 264 1963 quod
280 1889 346 1936 nen
364 1889 438 1937 raro
451 1876 560 1949 antea,
573 1888 663 1937 nunc
675 1862 784 1936 denuo
797 1889 817 1935 a
830 1863 920 1953 meis,
935 1864 992 1963 qui
1004 1866 1079 1939 olim
1094 1868 1239 1956 luerunt,

96 1985 278 2085 Discipulis
304 1988 438 2063 meliora
463 2013 515 2061 me
540 1987 692 2060 didicisse
717 1987 795 2059 mibi
818 1986 987 2061 latendum
1012 1989 1062 2061 sit.

129 2116 221 2189 ¹Nec
252 2114 482 2189 venedotiae
513 2113 595 2186 baec
625 2137 679 2185 me
708 2111 852 2184 scribere
877 2113 1033 2185 Vestrum
1063 2114 1237 2213 quisquam

94 2224 283 2311 mirabitur.
336 2236 425 2323 Quid
446 2239 554 2310 enim‘l
590 2238 628 2308 ln
648 2235 803 2321 aliorum,
830 2233 1024 2309 vernaculos
1051 2237 1240 2335 hujusmodi

97 2360 233 2435 libellos
250 2359 432 2449 edentium,
459 2384 599 2432 messem
621 2359 808 2458 importune
827 2358 942 2430 lalcem
961 2357 1139 2434 'immittere
1154 2363 1239 2436 nolo.

93 2483 149 2557 llti
184 2484 345 2558 lectorum
370 2483 554 2582 frequentia
577 2482 745 2556 llorebunt
772 2507 811 2554 ac
843 2481 1069 2574 multitudine;
1102 2510 1239 2575 acme,
1290 2539 1292 2544 .

93 2604 284 2704 probabilia
316 2605 486 2696 docentes,
512 2605 708 2706 discipulum
740 2604 912 2679 habebunt
948 2632 987 2680 ac
1022 2605 1238 2685 laudatorem.¹

91 2728 175 2828 Ego
202 2730 235 2801 in
261 2727 497 2828 paucioribus,
517 2729 575 2803 sed
601 2730 728 2829 priscae
753 2728 920 2804 doctrinae
947 2721 1155 2820 amantibus,
1182 2733 1240 2808 sed

94 2829 256 2927 Vestrum
274 2879 339 2927 non
357 2854 561 2927 absimilibus
579 2852 758 2935 lectoribus
775 2853 916 2929 libenter
933 2857 1147 2955 acquiescam.
1180 2862 1241 2933 Ve-

98 3001 198 3062 rum,
217 2976 306 3074 quod
323 3001 471 3051 caussam
489 2978 651 3067 continet,
672 2978 699 3050 si
721 2977 837 3068 alium,
856 3003 955 3079 quam
978 3006 1045 3080 quo
1062 2981 1241 3057 domestico

101 3097 137 3171 in
168 3097 331 3174 auditorio
360 3113 547 3175 constanter
570 3101 696 3175 ¹utebar
729 3128 768 3176 ac
801 3129 860 3176 vos
893 3116 1022 3179 utentes
1051 3105 1239 3200 audiebam,
1348 3100 1353 3109 ’

103 3247 287 3297 sermonem
312 3250 403 3319 punc
427 3224 470 3298 ad
496 3223 706 3309 scribendum
736 3225 900 3328 derebus
926 3228 1118 3328 theologicis
1143 3230 1242 3303 adbi-

12 3436 14 3444 θ
106 3345 231 3435 berem,
263 3346 307 3420 ad
337 3347 417 3449 alios
451 3348 561 3447 petius
590 3348 747 3448 quosvis,
775 3349 943 3448 quemad
971 3354 1242 3428 Vosorationem
1332 3351 1337 3359 ’

106 3458 295 3544 convertere
327 3484 362 3544 et
392 3471 496 3545 Vobis
522 3472 657 3544 etmihi
683 3471 819 3544 viderer.
872 3474 1040 3564 Etvero,
1065 3500 1131 3574 quo
1157 3491 1242 3550 tem-

110 3616 185 3688 pore
217 3592 252 3663 in
280 3590 350 3691 ipsa
378 3595 603 3693 Francogallia
632 3594 833 3668 liberaliores
861 3595 985 3696 quique
1016 3612 1049 3670 et
1081 3595 1246 3674 doctiores

108 3713 261 3814 Episcopi
286 3715 484 3790 Litterarum
504 3717 755 3809 humaniorum,
782 3720 974 3791 Latinorum
992 3721 1147 3809 maxime,
1169 3737 1244 3798 stu-

112 3835 196 3912 dium
228 3837 271 3910 ab
297 3839 418 3937 injusto
444 3819 682 3940 Lucilugorum
707 3855 874 3916 contemtu
901 3855 1001 3942 atque
1029 3844 1104 3918 odio
1133 3847 1243 3919 vindi-

112 3985 180 4036 care
196 3977 374 4049 conantur,
391 3964 568 4038 laudabilia
589 3964 671 4038 baec
688 3990 727 4038 ac
741 3965 857 4063 pulcra
868 3989 993 4040 'eorum
1018 3968 1166 4068 exempla
1182 3997 1242 4069 pro

113 4083 189 4159 virili
208 4102 302 4186 parte
320 4089 439 4161 imitari
457 4088 711 4163 protestantium
728 4089 903 4188 Theologis
915 4090 1161 4177 Nederlandicis
1176 4119 1241 4166 nen

115 4205 299 4286 indecorum
322 4213 392 4286 lore
417 4212 565 4287 existimo
589 4213 849 4314 (1)Ι
1237 4222 1244 4227 ’

118 4360 276 4375 ᾖ

72 4500 74 4504 .
148 4456 192 4528 (1)
208 4458 293 4515 Multi
307 4462 419 4518 fuerunt
435 4462 483 4534 qui
499 4464 549 4519 bas
565 4463 811 4535 Francogollerum
823 4466 857 4520 de
869 4463 1040 4536 Scriptorum
1058 4464 1243 4521 classicorum
