2782 4958
627 371 801 416 THEOLOGIS.

182 659 292 722 Verum
315 677 353 719 ne
376 675 477 735 nuno,
502 654 594 718 animi
618 653 763 718 desiderio
786 675 898 718 morem
921 657 1078 739 gerentes,
1100 653 1136 717 de
1157 655 1273 739 magnis

136 769 184 834 his
206 770 341 834 dieamus
363 768 533 833 Duumviris
556 767 701 850 aliisque,
738 789 867 850 quorum
897 769 1099 832 recentissima
1129 769 1273 832 memoria

135 883 219 947 fatali
243 906 281 947 ex
304 883 384 948 areat
402 903 464 946 aera
486 881 579 959 exiit,
600 879 778 965 Theologis,
796 879 906 945 limites
924 881 1061 962 obstant,
1081 882 1273 966 qualiouique

137 997 209 1062 huie
233 996 282 1061 vel
304 997 501 1082 disputationi
524 995 573 1061 vel
596 995 759 1059 narrationi
783 994 856 1059 olim
873 996 975 1079 positi.
1016 998 1092 1061 Ante
1107 998 1273 1062 triennium
1302 1026 1306 1033 ·

135 1112 215 1176 enim
239 1117 270 1176 et
292 1111 420 1196 amplius
443 1111 515 1176 haee
538 1110 666 1176 seribere
688 1111 806 1192 exorsi,
832 1131 887 1174 nee
900 1132 994 1174 seram
1011 1110 1130 1176 demum
1146 1112 1182 1176 ad
1197 1137 1273 1198 pen-

136 1246 203 1288 sum
227 1224 374 1289 redeundi
399 1224 653 1310 opportunitatem
677 1223 763 1289 nobis
786 1245 957 1288 concessum
980 1208 1018 1288 iri
1040 1233 1209 1309 sperantes,
1234 1229 1272 1293 de
1343 1310 1346 1314 ⁴

136 1339 175 1402 iis
197 1337 296 1403 solum
320 1360 409 1423 agere
439 1337 645 1418 decrevimus,
676 1337 729 1420 qui
751 1338 889 1421 proximo
911 1342 986 1401 tune
1012 1339 1169 1422 septennio
1200 1338 1271 1404 bine

134 1453 286 1530 abierant,
307 1474 407 1516 rerum
430 1452 599 1516 divinarum
619 1450 796 1516 bootoribus
820 1450 984 1516 Germanis.
1034 1450 1165 1526 Quodsi
1188 1474 1269 1518 nuno

135 1567 304 1631 deseramus
325 1565 501 1645 consilium,
532 1567 651 1631 infinita
674 1587 728 1630 nos
751 1565 891 1630 obrueret
913 1565 1108 1631 dicendorum
1131 1568 1265 1632 materia.

178 1796 234 1863 Ubi
270 1798 380 1883 igitur,
414 1794 630 1860 recentioribus
659 1816 676 1858 s
707 1794 864 1859 funeribus
894 1799 993 1860 mente
1025 1798 1146 1861 avocata
1180 1802 1269 1880 atque

134 1911 242 1995 oculis,
267 1912 400 1976 reditum
423 1910 458 1974 ad
482 1931 607 1994 pensum
629 1909 805 1973 meditamur
821 1907 895 1973 olim
910 1908 1102 1986 inchoatum,
1122 1912 1269 1974 continuo

133 2049 188 2092 nos
211 2027 357 2113 cogitatio
380 2024 528 2101 advertit,
562 2028 624 2087 tam
654 2022 713 2086 late
743 2028 862 2087 nostrae
895 2023 986 2108 hujus
1008 2023 1183 2108 disciplinae
1205 2027 1268 2090 vim

132 2148 233 2226 patere
257 2146 346 2224 atque
368 2138 531 2219 ambitum,
556 2142 592 2202 ut
614 2159 702 2221 quam
726 2137 855 2201 maxime
877 2137 1003 2202 diversis
1025 2137 1192 2202 rationibus
1215 2143 1267 2202 aut

132 2254 291 2319 scribendo
319 2258 371 2319 aut
398 2253 524 2318 dicendo
546 2251 594 2316 vel
620 2251 725 2316 doctos
747 2251 895 2317 demorare
918 2253 1034 2337 possint
1051 2252 1099 2318 vel
1114 2253 1263 2336 indoctos,

132 2369 185 2451 qui
212 2368 391 2433 eruditionis
412 2367 593 2452 praestantia
623 2371 807 2443 cernuntur,
839 2388 938 2430 rerum
961 2367 1132 2432 divinarum
1165 2370 1265 2433 Antis·

129 2482 211 2546 tites.
262 2481 374 2559 Veluti,
407 2486 443 2546 ut
473 2481 530 2546 hoe
560 2502 622 2544 uno
646 2501 727 2543 nune
750 2485 833 2560 utar,
867 2502 972 2544 corum
995 2479 1046 2545 alii
1068 2482 1112 2546 ita
1145 2483 1266 2548 demum

129 2597 230 2660 vivere
253 2595 311 2660 sibi
334 2596 491 2672 videntur,
516 2595 542 2658 si
566 2593 754 2658 conclavium
776 2594 809 2657 in
839 2594 1001 2659 solitudine
1032 2617 1066 2658 ae
1100 2595 1264 2660 recessibus

126 2707 242 2786 abditi,
268 2730 323 2772 nee
346 2708 413 2773 aliis
438 2709 499 2773 fere
526 2710 584 2772 nisi
615 2714 802 2773 mortuorum
832 2709 880 2774 vel
907 2710 1075 2775 viventium
1105 2711 1192 2776 tibris
1214 2711 1268 2775 usi

127 2878 292 2889 -u-n-—n-

126 2986 205 3036 prope
232 2972 444 3036 Magdeburgiam
472 2982 547 3022 natus
573 2979 635 3022 erat.
671 2972 713 3023 Sic
738 2975 807 3023 enim
828 2988 924 3024 annum
950 2976 1076 3033 natalem,
1095 2991 1170 3040 quem
1188 2977 1262 3027 alitor

126 3066 170 3115 aiii
188 3065 361 3126 tradiderunt,
378 3072 494 3116 accurate
511 3065 618 3116 edidisse
636 3066 749 3126 videtur,
761 3066 894 3116 Winero
911 3068 1088 3118 consentiente
1106 3069 1140 3120 (in
1157 3067 1259 3118 Handb.

126 3157 169 3207 der
182 3156 252 3209 theol.
266 3155 409 3220 Literetur),
422 3156 441 3206 J
447 3159 493 3208 uli
502 3173 536 3209 us
554 3159 693 3219 Miillcr,
710 3158 737 3208 in
750 3155 809 3207 Viri
822 3156 948 3215 Memorid,
962 3160 1061 3223 prodite
1079 3161 1104 3209 in
1124 3160 1208 3210 Schn
1218 3176 1231 3209 c
1240 3162 1258 3208 i·

126 3252 202 3301 deri
221 3250 329 3301 deutsche
344 3250 503 3313 Zea'tsebrifl,
519 3255 597 3311 1855,
617 3247 662 3298 no.
678 3255 716 3300 16.
733 3250 977 3301 17.-1551155
995 3252 1082 3315 igitur,
1096 3261 1259 3316 posteaquam

126 3344 283 3409 aliquamdiu
303 3343 434 3400 Berolini,
454 3345 528 3393 modo
546 3344 683 3406 privatim,
703 3357 763 3394 mox
781 3351 855 3392 extra
874 3343 1005 3404 ordinem,
1024 3344 1190 3407 Theologiam
1209 3346 1258 3394 do·
1333 3332 1335 3337 ¹

126 3445 231 3498 onerat,
248 3452 272 3486 a.
293 3437 400 3486 181811]
419 3435 560 3486 Academia
580 3434 704 3485 Rhenana
726 3434 840 3498 ejusdem
865 3435 1012 3499 disciplinae
1039 3434 1174 3486 Professor
1192 3439 1258 3487 ordi·

126 3530 211 3580 nanus
224 3535 324 3578 creatus
342 3535 389 3577 est.
417 3527 475 3588 Quo
488 3540 594 3576 munere
606 3534 771 3591 posteaquam
784 3527 870 3589 plures
887 3542 1024 3590 perennes
1041 3535 1144 3578 strenue
1156 3530 1258 3582 functus

126 3628 197 3679 erat,
217 3619 380 3670 Bonnensem
399 3621 532 3670 stationem
547 3634 604 3668 cum
621 3616 780 3682 Goettr'npeasi
795 3621 967 3669 commutavit.
1002 3619 1091 3685 Atque
1108 3622 1134 3671 in
1155 3619 1258 3687 Georqr'd

126 3711 238 3779 Aneyrrstd
255 3714 317 3771 illa,
336 3718 448 3764 caeteros
472 3727 505 3763 ne
523 3727 662 3764 memorem
680 3715 808 3763 honorum
825 3714 927 3774 titulos,
947 3716 1088 3764 ordinarius
1106 3716 1155 3764 fuit
1172 3716 1256 3766 Theo·

124 3808 207 3872 iogise
225 3806 371 3865 Professor;
391 3808 489 3866 donec,
509 3807 533 3856 d.
555 3813 585 3857 14
602 3806 677 3856 Febr.
695 3823 718 3857 a.
740 3811 820 3866 1855,
837 3808 927 3857 aetatis
945 3821 1012 3857 anno
1032 3816 1121 3872 quarto
1140 3817 1165 3858 et
1182 3824 1255 3860 sexa·

123 3904 237 3964 gesimo,
257 3903 289 3950 ad
306 3907 438 3950 aeternum
456 3901 524 3964 pacis
542 3900 660 3963 Regnum
680 3901 809 3962 migraret,
829 3900 873 3963 qai
891 3899 1002 3963 litiganti
1021 3900 1108 3949 huicce
1126 3900 1257 3952 Ecclesiae

123 3994 236 4044 terrestri
254 3993 356 4042 monitis
373 4001 398 4042 et
415 3993 534 4054 exemplo
552 3992 656 4055 pacifica
678 3992 857 4043 commendare
875 3992 957 4047 studia
975 3988 1107 4056 nunquam
1127 3993 1253 4056 desierat,

123 4101 173 4137 non
193 4086 323 4135 doctrinae
340 4086 413 4149 copie
432 4086 511 4148 magis
530 4085 666 4143 excellens,
684 4100 759 4149 quam
780 4084 847 4133 ritae
864 4096 1015 4147 morumque
1034 4085 1184 4142 sanctitate,
1203 4085 1254 4135 Vir

122 4179 275 4243 praeclarus.
285 4203 317 4214 -
329 4177 370 4227 Dc
387 4191 446 4241 quo,
458 4184 559 4240 practer
574 4177 704 4227 laudatum
711 4176 765 4240 jam
782 4175 800 4224 J
809 4176 852 4227 ul.
862 4175 1053 4233 Miillerum,
1071 4190 1131 4238 prae
1149 4177 1254 4229 caeteris

122 4271 272 4321 consulendi
290 4277 349 4320 sunt
376 4268 659 4332 Hagenbachius,
686 4270 712 4319 in
737 4266 868 4319 Gelaeri
894 4275 991 4331 protest.
1018 4265 1148 4318 Monetsbt.
1166 4270 1198 4317 ad
1217 4284 1252 4319 m.

121 4363 245 4412 Martium
268 4367 348 4424 1855,
365 4361 401 4411 V.
419 4367 441 4411 3.
460 4377 485 4424 p.
508 4367 551 4411 145
570 4377 625 4426 sqq.
651 4370 676 4413 et
702 4361 1015 4422 Ehrenfeuohterus,
1043 4361 1069 4411 in
1095 4375 1136 4425 op.
1155 4358 1252 4411 Studien

122 4454 169 4504 aad
186 4452 309 4514 Kritr'ken,
331 4459 402 4505 1855.
422 4460 445 4503 4.
463 4470 488 4519 p.
507 4457 551 4504 731
574 4469 630 4519 sqq.
