<?xml version="1.0" encoding="UTF-8"?>
<!DOCTYPE html PUBLIC "-//W3C//DTD XHTML 1.0 Transitional//EN"
    "http://www.w3.org/TR/xhtml1/DTD/xhtml1-transitional.dtd">
<html xmlns="http://www.w3.org/1999/xhtml" xml:lang="en" lang="en">
 <head>
  <title>
</title>
<meta http-equiv="Content-Type" content="text/html;charset=utf-8" />
  <meta name='ocr-system' content='tesseract 3.04.00' />
  <meta name='ocr-capabilities' content='ocr_page ocr_carea ocr_par ocr_line ocrx_word'/>
</head>
<body>
  <div class='ocr_page' id='page_1' title='image "./chartaetheologi00boumgoog_0325.png"; bbox 0 0 2782 4958; ppageno 0'>
   <div class='ocr_carea' id='block_1_1' title="bbox 226 378 865 439">
    <p class='ocr_par' dir='ltr' id='par_1_1' title="bbox 226 378 865 439">
     <span class='ocr_line' id='line_1_1' title="bbox 226 378 865 439; baseline -0.008 0"><span class='ocrx_word' id='word_1_1' title='bbox 226 378 290 439; x_wconf 76' lang='lat' dir='ltr'><strong>tlt</strong></span> <span class='ocrx_word' id='word_1_2' title='bbox 711 391 865 435; x_wconf 81' lang='lat' dir='ltr'><strong>marcaon</strong></span> 
     </span>
    </p>
   </div>
   <div class='ocr_carea' id='block_1_2' title="bbox 224 561 1385 2820">
    <p class='ocr_par' dir='ltr' id='par_1_2' title="bbox 224 561 1336 988">
     <span class='ocr_line' id='line_1_2' title="bbox 269 561 1332 648; baseline 0.002 -22"><span class='ocrx_word' id='word_1_3' title='bbox 269 565 377 626; x_wconf 81' lang='lat' dir='ltr'><strong>Verum</strong></span> <span class='ocrx_word' id='word_1_4' title='bbox 408 562 528 646; x_wconf 92' lang='lat' dir='ltr'><strong>quando</strong></span> <span class='ocrx_word' id='word_1_5' title='bbox 557 581 596 625; x_wconf 87' lang='lat' dir='ltr'><strong>ex</strong></span> <span class='ocrx_word' id='word_1_6' title='bbox 626 563 726 645; x_wconf 87' lang='lat' dir='ltr'><strong>priore</strong></span> <span class='ocrx_word' id='word_1_7' title='bbox 756 561 862 626; x_wconf 88' lang='lat' dir='ltr'><strong>harum</strong></span> <span class='ocrx_word' id='word_1_8' title='bbox 885 563 1134 627; x_wconf 81' lang='lat' dir='ltr'><strong>vaticinationum</strong></span> <span class='ocrx_word' id='word_1_9' title='bbox 1158 567 1240 648; x_wconf 84' lang='lat' dir='ltr'><strong>parte</strong></span> <span class='ocrx_word' id='word_1_10' title='bbox 1260 585 1332 648; x_wconf 87' lang='lat' dir='ltr'><strong>pauca</strong></span> 
     </span>
     <span class='ocr_line' id='line_1_3' title="bbox 224 675 1333 764; baseline 0.001 -23"><span class='ocrx_word' id='word_1_11' title='bbox 224 675 421 742; x_wconf 77' lang='lat' dir='ltr'><strong>delibavimus</strong></span> <span class='ocrx_word' id='word_1_12' title='bbox 442 676 700 762; x_wconf 66' lang='lat' dir='ltr'><strong>interpretationis</strong></span> <span class='ocrx_word' id='word_1_13' title='bbox 721 675 996 741; x_wconf 89' lang='lat' dir='ltr'><strong>Knobelianae</strong></span> <span class='ocrx_word' id='word_1_14' title='bbox 1018 678 1196 762; x_wconf 88' lang='lat' dir='ltr'><strong>specimina;</strong></span> <span class='ocrx_word' id='word_1_15' title='bbox 1222 698 1284 764; x_wconf 82' lang='lat' dir='ltr'><strong>age,</strong></span> <span class='ocrx_word' id='word_1_16' title='bbox 1306 699 1333 743; x_wconf 91' lang='lat' dir='ltr'><strong>ne</strong></span> 
     </span>
     <span class='ocr_line' id='line_1_4' title="bbox 225 789 1336 875; baseline 0.001 -20"><span class='ocrx_word' id='word_1_17' title='bbox 225 791 448 855; x_wconf 78' lang='lat' dir='ltr'><strong>committamus</strong></span> <span class='ocrx_word' id='word_1_18' title='bbox 470 794 506 854; x_wconf 90' lang='lat' dir='ltr'><strong>ut</strong></span> <span class='ocrx_word' id='word_1_19' title='bbox 527 789 674 874; x_wconf 83' lang='lat' dir='ltr'><strong>posterior</strong></span> <span class='ocrx_word' id='word_1_20' title='bbox 696 811 799 854; x_wconf 90' lang='lat' dir='ltr'><strong>earum</strong></span> <span class='ocrx_word' id='word_1_21' title='bbox 821 811 889 875; x_wconf 90' lang='lat' dir='ltr'><strong>pars</strong></span> <span class='ocrx_word' id='word_1_22' title='bbox 909 789 997 875; x_wconf 92' lang='lat' dir='ltr'><strong>plane</strong></span> <span class='ocrx_word' id='word_1_23' title='bbox 1020 791 1134 856; x_wconf 89' lang='lat' dir='ltr'><strong>intacta</strong></span> <span class='ocrx_word' id='word_1_24' title='bbox 1156 813 1173 856; x_wconf 86' lang='lat' dir='ltr'><strong>a</strong></span> <span class='ocrx_word' id='word_1_25' title='bbox 1195 791 1280 856; x_wconf 85' lang='lat' dir='ltr'><strong>nobis</strong></span> <span class='ocrx_word' id='word_1_26' title='bbox 1303 812 1336 856; x_wconf 88' lang='lat' dir='ltr'><strong>re·</strong></span> 
     </span>
     <span class='ocr_line' id='line_1_5' title="bbox 225 905 389 988; baseline -0.006 -19"><span class='ocrx_word' id='word_1_27' title='bbox 225 905 389 988; x_wconf 85' lang='lat' dir='ltr'><strong>linquatur.</strong></span> 
     </span>
    </p>

    <p class='ocr_par' dir='ltr' id='par_1_3' title="bbox 225 1017 1342 2247">
     <span class='ocr_line' id='line_1_6' title="bbox 270 1017 1339 1104; baseline 0.001 -21"><span class='ocrx_word' id='word_1_28' title='bbox 270 1021 304 1083; x_wconf 92' lang='lat' dir='ltr'><strong>ln</strong></span> <span class='ocrx_word' id='word_1_29' title='bbox 325 1017 403 1082; x_wconf 76' lang='lat' dir='ltr'><strong>salat</strong></span> <span class='ocrx_word' id='word_1_30' title='bbox 425 1019 522 1104; x_wconf 84' lang='lat' dir='ltr'><strong>igitur</strong></span> <span class='ocrx_word' id='word_1_31' title='bbox 545 1019 730 1084; x_wconf 70' lang='lat' dir='ltr'><strong>Idololatrea</strong></span> <span class='ocrx_word' id='word_1_32' title='bbox 750 1020 901 1096; x_wconf 88' lang='lat' dir='ltr'><strong>irrisione,</strong></span> <span class='ocrx_word' id='word_1_33' title='bbox 920 1021 994 1099; x_wconf 72' lang='lat' dir='ltr'><strong>Gap.</strong></span> <span class='ocrx_word' id='word_1_34' title='bbox 1013 1020 1108 1096; x_wconf 86' lang='lat' dir='ltr'>XLIV,</span> <span class='ocrx_word' id='word_1_35' title='bbox 1129 1027 1203 1085; x_wconf 80' lang='lat' dir='ltr'><strong>rect.</strong></span> <span class='ocrx_word' id='word_1_36' title='bbox 1227 1022 1281 1096; x_wconf 79' lang='lat' dir='ltr'><strong>lt,</strong></span> <span class='ocrx_word' id='word_1_37' title='bbox 1295 1021 1339 1103; x_wconf 82' lang='lat' dir='ltr'><strong>qa</strong></span> 
     </span>
     <span class='ocr_line' id='line_1_7' title="bbox 225 1132 1339 1219; baseline -0.002 -21"><span class='ocrx_word' id='word_1_38' title='bbox 225 1135 386 1218; x_wconf 86' lang='lat' dir='ltr'><strong>quicquam</strong></span> <span class='ocrx_word' id='word_1_39' title='bbox 419 1135 453 1196; x_wconf 92' lang='lat' dir='ltr'><strong>in</strong></span> <span class='ocrx_word' id='word_1_40' title='bbox 486 1133 542 1198; x_wconf 94' lang='lat' dir='ltr'><strong>hoc</strong></span> <span class='ocrx_word' id='word_1_41' title='bbox 573 1154 682 1219; x_wconf 84' lang='lat' dir='ltr'><strong>genere</strong></span> <span class='ocrx_word' id='word_1_42' title='bbox 711 1133 910 1218; x_wconf 86' lang='lat' dir='ltr'><strong>praestantius</strong></span> <span class='ocrx_word' id='word_1_43' title='bbox 943 1134 1004 1197; x_wconf 94' lang='lat' dir='ltr'><strong>dici</strong></span> <span class='ocrx_word' id='word_1_44' title='bbox 1033 1133 1169 1218; x_wconf 86' lang='lat' dir='ltr'><strong>potuisse</strong></span> <span class='ocrx_word' id='word_1_45' title='bbox 1195 1154 1285 1219; x_wconf 85' lang='lat' dir='ltr'><strong>nego,</strong></span> <span class='ocrx_word' id='word_1_46' title='bbox 1313 1132 1339 1196; x_wconf 88' lang='lat' dir='ltr'><strong>ad</strong></span> 
     </span>
     <span class='ocr_line' id='line_1_8' title="bbox 225 1245 1341 1333; baseline -0.001 -22"><span class='ocrx_word' id='word_1_47' title='bbox 225 1250 334 1320; x_wconf 81' lang='lat' dir='ltr'><strong>Deum,</strong></span> <span class='ocrx_word' id='word_1_48' title='bbox 363 1269 453 1331; x_wconf 88' lang='lat' dir='ltr'><strong>quem</strong></span> <span class='ocrx_word' id='word_1_49' title='bbox 477 1247 566 1312; x_wconf 91' lang='lat' dir='ltr'><strong>modo</strong></span> <span class='ocrx_word' id='word_1_50' title='bbox 589 1253 675 1312; x_wconf 89' lang='lat' dir='ltr'><strong>antea</strong></span> <span class='ocrx_word' id='word_1_51' title='bbox 697 1247 759 1312; x_wconf 88' lang='lat' dir='ltr'><strong>suis</strong></span> <span class='ocrx_word' id='word_1_52' title='bbox 779 1248 843 1333; x_wconf 90' lang='lat' dir='ltr'><strong>ipse</strong></span> <span class='ocrx_word' id='word_1_53' title='bbox 866 1246 1003 1311; x_wconf 91' lang='lat' dir='ltr'><strong>manibus</strong></span> <span class='ocrx_word' id='word_1_54' title='bbox 1024 1246 1187 1312; x_wconf 85' lang='lat' dir='ltr'><strong>fabricatus</strong></span> <span class='ocrx_word' id='word_1_55' title='bbox 1209 1252 1283 1326; x_wconf 89' lang='lat' dir='ltr'><strong>erat,</strong></span> <span class='ocrx_word' id='word_1_56' title='bbox 1303 1245 1341 1310; x_wconf 85' lang='lat' dir='ltr'><strong>las</strong></span> 
     </span>
     <span class='ocr_line' id='line_1_9' title="bbox 227 1360 1341 1448; baseline 0.001 -23"><span class='ocrx_word' id='word_1_57' title='bbox 227 1361 313 1426; x_wconf 88' lang='lat' dir='ltr'><strong>illum</strong></span> <span class='ocrx_word' id='word_1_58' title='bbox 345 1384 446 1448; x_wconf 88' lang='lat' dir='ltr'><strong>preces</strong></span> <span class='ocrx_word' id='word_1_59' title='bbox 474 1367 698 1428; x_wconf 88' lang='lat' dir='ltr'><strong>convertentem</strong></span> <span class='ocrx_word' id='word_1_60' title='bbox 730 1364 815 1427; x_wconf 85' lang='lat' dir='ltr'><strong>Vates</strong></span> <span class='ocrx_word' id='word_1_61' title='bbox 845 1361 1006 1426; x_wconf 84' lang='lat' dir='ltr'><strong>informat:</strong></span> <span class='ocrx_word' id='word_1_62' title='bbox 1031 1360 1146 1429; x_wconf 54' lang='grc' dir='ltr'><strong>’Νη</strong></span> <span class='ocrx_word' id='word_1_63' title='bbox 1177 1369 1237 1427; x_wconf 84' lang='lat' dir='ltr'><strong>cte.</strong></span> <span class='ocrx_word' id='word_1_64' title='bbox 1268 1362 1341 1426; x_wconf 81' lang='lat' dir='ltr'><strong>litera</strong></span> 
     </span>
     <span class='ocr_line' id='line_1_10' title="bbox 226 1476 1342 1552; baseline -0.001 -12"><span class='ocrx_word' id='word_1_65' title='bbox 226 1499 288 1540; x_wconf 77' lang='lat' dir='ltr'><strong>rte:</strong></span> <span class='ocrx_word' id='word_1_66' title='bbox 312 1500 391 1543; x_wconf 84' lang='lat' dir='ltr'><strong>meua</strong></span> <span class='ocrx_word' id='word_1_67' title='bbox 412 1478 490 1541; x_wconf 82' lang='lat' dir='ltr'><strong>enlm</strong></span> <span class='ocrx_word' id='word_1_68' title='bbox 516 1479 560 1542; x_wconf 75' lang='lat' dir='ltr'><strong>Tu</strong></span> <span class='ocrx_word' id='word_1_69' title='bbox 582 1479 665 1542; x_wconf 83' lang='lat' dir='ltr'><strong>Deua</strong></span> <span class='ocrx_word' id='word_1_70' title='bbox 692 1478 744 1542; x_wconf 82' lang='lat' dir='ltr'><strong>ea!</strong></span> <span class='ocrx_word' id='word_1_71' title='bbox 780 1477 845 1552; x_wconf 83' lang='lat' dir='ltr'><strong>Quo</strong></span> <span class='ocrx_word' id='word_1_72' title='bbox 869 1476 995 1541; x_wconf 89' lang='lat' dir='ltr'><strong>deloco</strong></span> <span class='ocrx_word' id='word_1_73' title='bbox 1019 1481 1050 1540; x_wconf 91' lang='lat' dir='ltr'><strong>et</strong></span> <span class='ocrx_word' id='word_1_74' title='bbox 1072 1476 1131 1541; x_wconf 90' lang='lat' dir='ltr'><strong>alia</strong></span> <span class='ocrx_word' id='word_1_75' title='bbox 1154 1482 1238 1542; x_wconf 88' lang='lat' dir='ltr'><strong>recte</strong></span> <span class='ocrx_word' id='word_1_76' title='bbox 1259 1480 1342 1540; x_wconf 85' lang='lat' dir='ltr'><strong>monet</strong></span> 
     </span>
     <span class='ocr_line' id='line_1_11' title="bbox 227 1589 1341 1677; baseline -0.001 -22"><span class='ocrx_word' id='word_1_77' title='bbox 227 1596 352 1675; x_wconf 85' lang='lat' dir='ltr'><strong>utraque</strong></span> <span class='ocrx_word' id='word_1_78' title='bbox 374 1591 472 1676; x_wconf 87' lang='lat' dir='ltr'><strong>operis</strong></span> <span class='ocrx_word' id='word_1_79' title='bbox 494 1591 599 1674; x_wconf 91' lang='lat' dir='ltr'><strong>editio,</strong></span> <span class='ocrx_word' id='word_1_80' title='bbox 630 1595 662 1656; x_wconf 90' lang='lat' dir='ltr'><strong>et</strong></span> <span class='ocrx_word' id='word_1_81' title='bbox 683 1589 742 1656; x_wconf 91' lang='lat' dir='ltr'><strong>hoc</strong></span> <span class='ocrx_word' id='word_1_82' title='bbox 774 1592 931 1677; x_wconf 81' lang='lat' dir='ltr'><strong>ingeniose</strong></span> <span class='ocrx_word' id='word_1_83' title='bbox 961 1612 996 1655; x_wconf 89' lang='lat' dir='ltr'><strong>ac</strong></span> <span class='ocrx_word' id='word_1_84' title='bbox 1029 1590 1155 1677; x_wconf 88' lang='lat' dir='ltr'><strong>pulcre:</strong></span> <span class='ocrx_word' id='word_1_85' title='bbox 1186 1590 1281 1656; x_wconf 81' lang='lat' dir='ltr'><strong>»Ideo</strong></span> <span class='ocrx_word' id='word_1_86' title='bbox 1301 1591 1341 1654; x_wconf 80' lang='lat' dir='ltr'><strong>lna</strong></span> 
     </span>
     <span class='ocr_line' id='line_1_12' title="bbox 226 1704 1341 1790; baseline 0.002 -25"><span class='ocrx_word' id='word_1_87' title='bbox 226 1705 431 1784; x_wconf 75' lang='lat' dir='ltr'><strong>apotiaaimcm</strong></span> <span class='ocrx_word' id='word_1_88' title='bbox 451 1704 612 1789; x_wconf 76' lang='lat' dir='ltr'><strong>lmape&#39;nrtm</strong></span> <span class='ocrx_word' id='word_1_89' title='bbox 636 1705 797 1771; x_wconf 78' lang='lat' dir='ltr'><strong>cultoribus</strong></span> <span class='ocrx_word' id='word_1_90' title='bbox 810 1726 914 1786; x_wconf 76' lang='lat' dir='ltr'><strong>precer</strong></span> <span class='ocrx_word' id='word_1_91' title='bbox 931 1706 1049 1786; x_wconf 80' lang='lat' dir='ltr'><strong>tribuit,</strong></span> <span class='ocrx_word' id='word_1_92' title='bbox 1076 1706 1156 1790; x_wconf 80' lang='lat' dir='ltr'><strong>qaod</strong></span> <span class='ocrx_word' id='word_1_93' title='bbox 1171 1713 1208 1771; x_wconf 77' lang='lat' dir='ltr'><strong>ret</strong></span> <span class='ocrx_word' id='word_1_94' title='bbox 1229 1727 1249 1768; x_wconf 83' lang='lat' dir='ltr'><strong>a</strong></span> <span class='ocrx_word' id='word_1_95' title='bbox 1263 1705 1341 1788; x_wconf 81' lang='lat' dir='ltr'><strong>Cyro</strong></span> 
     </span>
     <span class='ocr_line' id='line_1_13' title="bbox 226 1819 1340 1906; baseline 0 -22"><span class='ocrx_word' id='word_1_96' title='bbox 226 1820 284 1886; x_wconf 75' lang='lat' dir='ltr'><strong>»in</strong></span> <span class='ocrx_word' id='word_1_97' title='bbox 309 1819 464 1906; x_wconf 66' lang='lat' dir='ltr'><strong>depretias</strong></span> <span class='ocrx_word' id='word_1_98' title='bbox 482 1820 682 1904; x_wconf 71' lang='lat' dir='ltr'><strong>redtperuntur</strong></span> <span class='ocrx_word' id='word_1_99' title='bbox 700 1820 788 1886; x_wconf 74' lang='lat' dir='ltr'><strong>triete</strong></span> <span class='ocrx_word' id='word_1_100' title='bbox 811 1820 854 1884; x_wconf 80' lang='lat' dir='ltr'><strong>ila</strong></span> <span class='ocrx_word' id='word_1_101' title='bbox 869 1820 971 1906; x_wconf 71' lang='lat' dir='ltr'><strong>fatam</strong></span> <span class='ocrx_word' id='word_1_102' title='bbox 985 1821 1119 1900; x_wconf 72' lang='lat' dir='ltr'><strong>prostare</strong></span> <span class='ocrx_word' id='word_1_103' title='bbox 1143 1820 1340 1886; x_wconf 56' lang='lat' dir='ltr'><strong>enarer?-</strong></span> 
     </span>
     <span class='ocr_line' id='line_1_14' title="bbox 226 1933 1341 2022; baseline 0.001 -23"><span class='ocrx_word' id='word_1_104' title='bbox 226 1935 293 2010; x_wconf 84' lang='lat' dir='ltr'><strong>Quo</strong></span> <span class='ocrx_word' id='word_1_105' title='bbox 315 1933 446 2000; x_wconf 84' lang='lat' dir='ltr'><strong>lucidior</strong></span> <span class='ocrx_word' id='word_1_106' title='bbox 467 1935 539 2001; x_wconf 89' lang='lat' dir='ltr'><strong>haec</strong></span> <span class='ocrx_word' id='word_1_107' title='bbox 562 1941 619 2018; x_wconf 86' lang='lat' dir='ltr'><strong>est,</strong></span> <span class='ocrx_word' id='word_1_108' title='bbox 651 1938 713 2019; x_wconf 77' lang='lat' dir='ltr'><strong>qud</strong></span> <span class='ocrx_word' id='word_1_109' title='bbox 742 1936 844 2022; x_wconf 87' lang='lat' dir='ltr'><strong>pingit</strong></span> <span class='ocrx_word' id='word_1_110' title='bbox 866 1934 1014 2021; x_wconf 89' lang='lat' dir='ltr'><strong>Propheta</strong></span> <span class='ocrx_word' id='word_1_111' title='bbox 1040 1935 1263 2021; x_wconf 82' lang='lat' dir='ltr'><strong>superstitionis</strong></span> <span class='ocrx_word' id='word_1_112' title='bbox 1281 1935 1341 1999; x_wconf 82' lang='lat' dir='ltr'><strong>iuss·</strong></span> 
     </span>
     <span class='ocr_line' id='line_1_15' title="bbox 225 2047 1341 2137; baseline 0.002 -25"><span class='ocrx_word' id='word_1_113' title='bbox 225 2049 319 2125; x_wconf 89' lang='lat' dir='ltr'><strong>niam,</strong></span> <span class='ocrx_word' id='word_1_114' title='bbox 344 2047 465 2132; x_wconf 90' lang='lat' dir='ltr'><strong>tabella,</strong></span> <span class='ocrx_word' id='word_1_115' title='bbox 490 2071 525 2114; x_wconf 91' lang='lat' dir='ltr'><strong>eo</strong></span> <span class='ocrx_word' id='word_1_116' title='bbox 548 2050 643 2137; x_wconf 83' lang='lat' dir='ltr'><strong>magis</strong></span> <span class='ocrx_word' id='word_1_117' title='bbox 665 2048 741 2113; x_wconf 92' lang='lat' dir='ltr'><strong>mihi</strong></span> <span class='ocrx_word' id='word_1_118' title='bbox 763 2048 911 2115; x_wconf 85' lang='lat' dir='ltr'><strong>laudanda</strong></span> <span class='ocrx_word' id='word_1_119' title='bbox 933 2050 1054 2116; x_wconf 87' lang='lat' dir='ltr'><strong>videtur</strong></span> <span class='ocrx_word' id='word_1_120' title='bbox 1075 2049 1125 2114; x_wconf 89' lang='lat' dir='ltr'><strong>vel</strong></span> <span class='ocrx_word' id='word_1_121' title='bbox 1148 2049 1282 2127; x_wconf 87' lang='lat' dir='ltr'><strong>minima,</strong></span> <span class='ocrx_word' id='word_1_122' title='bbox 1295 2049 1341 2132; x_wconf 84' lang='lat' dir='ltr'><strong>qul</strong></span> 
     </span>
     <span class='ocr_line' id='line_1_16' title="bbox 225 2162 659 2247; baseline 0.005 -20"><span class='ocrx_word' id='word_1_123' title='bbox 225 2162 407 2247; x_wconf 87' lang='lat' dir='ltr'><strong>illustretur,</strong></span> <span class='ocrx_word' id='word_1_124' title='bbox 432 2164 659 2230; x_wconf 77' lang='lat' dir='ltr'><strong>animadversio·</strong></span> 
     </span>
    </p>

    <p class='ocr_par' dir='ltr' id='par_1_4' title="bbox 224 2276 1385 2820">
     <span class='ocr_line' id='line_1_17' title="bbox 269 2276 1341 2365; baseline -0.004 -21"><span class='ocrx_word' id='word_1_125' title='bbox 269 2278 347 2344; x_wconf 82' lang='lat' dir='ltr'><strong>dddi</strong></span> <span class='ocrx_word' id='word_1_126' title='bbox 369 2285 521 2365; x_wconf 87' lang='lat' dir='ltr'><strong>potuerat,</strong></span> <span class='ocrx_word' id='word_1_127' title='bbox 545 2280 639 2364; x_wconf 93' lang='lat' dir='ltr'><strong>quod,</strong></span> <span class='ocrx_word' id='word_1_128' title='bbox 663 2278 768 2345; x_wconf 81' lang='lat' dir='ltr'><strong>eadem</strong></span> <span class='ocrx_word' id='word_1_129' title='bbox 793 2278 849 2343; x_wconf 93' lang='lat' dir='ltr'><strong>hac</strong></span> <span class='ocrx_word' id='word_1_130' title='bbox 870 2279 995 2344; x_wconf 90' lang='lat' dir='ltr'><strong>ineunte</strong></span> <span class='ocrx_word' id='word_1_131' title='bbox 1016 2279 1161 2356; x_wconf 87' lang='lat' dir='ltr'><strong>sectione,</strong></span> <span class='ocrx_word' id='word_1_132' title='bbox 1194 2298 1249 2364; x_wconf 89' lang='lat' dir='ltr'><strong>pro</strong></span> <span class='ocrx_word' id='word_1_133' title='bbox 1274 2276 1341 2342; x_wconf 82' lang='lat' dir='ltr'><strong>dimi·</strong></span> 
     </span>
     <span class='ocr_line' id='line_1_18' title="bbox 224 2392 1341 2479; baseline -0.003 -22"><span class='ocrx_word' id='word_1_134' title='bbox 224 2393 324 2476; x_wconf 80' lang='lat' dir='ltr'><strong>dictet,</strong></span> <span class='ocrx_word' id='word_1_135' title='bbox 349 2414 438 2478; x_wconf 85' lang='lat' dir='ltr'><strong>quam</strong></span> <span class='ocrx_word' id='word_1_136' title='bbox 460 2394 688 2479; x_wconf 82' lang='lat' dir='ltr'><strong>exspectaveris,</strong></span> <span class='ocrx_word' id='word_1_137' title='bbox 715 2394 795 2478; x_wconf 78' lang='lat' dir='ltr'><strong>llpnc’</strong></span> <span class='ocrx_word' id='word_1_138' title='bbox 809 2401 914 2472; x_wconf 78' lang='lat' dir='ltr'><strong>purte,</strong></span> <span class='ocrx_word' id='word_1_139' title='bbox 946 2393 1012 2477; x_wconf 89' lang='lat' dir='ltr'><strong>ejus</strong></span> <span class='ocrx_word' id='word_1_140' title='bbox 1041 2392 1202 2478; x_wconf 79' lang='lat' dir='ltr'><strong>reliquiae,</strong></span> <span class='ocrx_word' id='word_1_141' title='bbox 1231 2392 1266 2457; x_wconf 90' lang='lat' dir='ltr'><strong>ad</strong></span> <span class='ocrx_word' id='word_1_142' title='bbox 1285 2410 1341 2456; x_wconf 83' lang='lat' dir='ltr'><strong>uam</strong></span> 
     </span>
     <span class='ocr_line' id='line_1_19' title="bbox 226 2505 1342 2593; baseline -0.004 -21"><span class='ocrx_word' id='word_1_143' title='bbox 226 2508 403 2572; x_wconf 89' lang='lat' dir='ltr'><strong>domesticos</strong></span> <span class='ocrx_word' id='word_1_144' title='bbox 425 2508 549 2574; x_wconf 89' lang='lat' dir='ltr'><strong>inutiles</strong></span> <span class='ocrx_word' id='word_1_145' title='bbox 570 2508 699 2591; x_wconf 88' lang='lat' dir='ltr'><strong>scilicet,</strong></span> <span class='ocrx_word' id='word_1_146' title='bbox 723 2512 950 2593; x_wconf 90' lang='lat' dir='ltr'><strong>nuncupantur;</strong></span> <span class='ocrx_word' id='word_1_147' title='bbox 974 2507 1117 2592; x_wconf 89' lang='lat' dir='ltr'><strong>majorem</strong></span> <span class='ocrx_word' id='word_1_148' title='bbox 1139 2507 1172 2572; x_wconf 91' lang='lat' dir='ltr'><strong>id</strong></span> <span class='ocrx_word' id='word_1_149' title='bbox 1193 2512 1226 2572; x_wconf 90' lang='lat' dir='ltr'><strong>et</strong></span> <span class='ocrx_word' id='word_1_150' title='bbox 1246 2505 1342 2592; x_wconf 84' lang='lat' dir='ltr'><strong>opificis</strong></span> 
     </span>
     <span class='ocr_line' id='line_1_20' title="bbox 227 2621 1385 2709; baseline 0.001 -24"><span class='ocrx_word' id='word_1_151' title='bbox 227 2627 257 2686; x_wconf 93' lang='lat' dir='ltr'><strong>et</strong></span> <span class='ocrx_word' id='word_1_152' title='bbox 283 2623 380 2706; x_wconf 87' lang='lat' dir='ltr'><strong>operis</strong></span> <span class='ocrx_word' id='word_1_153' title='bbox 402 2625 637 2688; x_wconf 82' lang='lat' dir='ltr'><strong>contemtionem</strong></span> <span class='ocrx_word' id='word_1_154' title='bbox 659 2624 780 2708; x_wconf 86' lang='lat' dir='ltr'><strong>spirare,</strong></span> <span class='ocrx_word' id='word_1_155' title='bbox 807 2645 897 2706; x_wconf 90' lang='lat' dir='ltr'><strong>quam</strong></span> <span class='ocrx_word' id='word_1_156' title='bbox 930 2621 1062 2708; x_wconf 87' lang='lat' dir='ltr'><strong>aequalis</strong></span> <span class='ocrx_word' id='word_1_157' title='bbox 1084 2622 1165 2709; x_wconf 84' lang='lat' dir='ltr'><strong>ligni</strong></span> <span class='ocrx_word' id='word_1_158' title='bbox 1187 2622 1343 2690; x_wconf 74' lang='lat' dir='ltr'><strong>redoluisct</strong></span> <span class='ocrx_word' id='word_1_159' title='bbox 1383 2702 1385 2709; x_wconf 17' lang='grc' dir='ltr'><strong><em>Α</em></strong></span> 
     </span>
     <span class='ocr_line' id='line_1_21' title="bbox 227 2718 1385 2820; baseline 0.009 -22"><span class='ocrx_word' id='word_1_160' title='bbox 227 2757 261 2799; x_wconf 92' lang='lat' dir='ltr'><strong>ac</strong></span> <span class='ocrx_word' id='word_1_161' title='bbox 283 2734 426 2820; x_wconf 87' lang='lat' dir='ltr'><strong>bipertita</strong></span> <span class='ocrx_word' id='word_1_162' title='bbox 449 2736 635 2804; x_wconf 85' lang='lat' dir='ltr'><strong>distributio.</strong></span> <span class='ocrx_word' id='word_1_163' title='bbox 1382 2718 1385 2737; x_wconf 45' lang='grc' dir='ltr'>Ι</span> 
     </span>
    </p>
   </div>
   <div class='ocr_carea' id='block_1_3' title="bbox 225 2961 1353 3735">
    <p class='ocr_par' dir='ltr' id='par_1_5' title="bbox 225 2961 1353 3735">
     <span class='ocr_line' id='line_1_22' title="bbox 272 2961 1346 3050; baseline 0.004 -27"><span class='ocrx_word' id='word_1_164' title='bbox 272 2961 415 3026; x_wconf 77' lang='lat' dir='ltr'><strong>Proatmd</strong></span> <span class='ocrx_word' id='word_1_165' title='bbox 432 2970 503 3027; x_wconf 82' lang='lat' dir='ltr'><strong>rect.</strong></span> <span class='ocrx_word' id='word_1_166' title='bbox 530 2965 586 3040; x_wconf 84' lang='lat'><strong>18,</strong></span> <span class='ocrx_word' id='word_1_167' title='bbox 613 2962 786 3049; x_wconf 82' lang='lat' dir='ltr'><strong>Hitnigii</strong></span> <span class='ocrx_word' id='word_1_168' title='bbox 808 2963 996 3049; x_wconf 88' lang='lat' dir='ltr'><strong>aliorumque</strong></span> <span class='ocrx_word' id='word_1_169' title='bbox 1018 2964 1173 3050; x_wconf 86' lang='lat' dir='ltr'><strong>exemplo,</strong></span> <span class='ocrx_word' id='word_1_170' title='bbox 1206 2969 1274 3031; x_wconf 88' lang='lat' dir='ltr'><strong>ante</strong></span> <span class='ocrx_word' id='word_1_171' title='bbox 1293 2983 1346 3030; x_wconf 83' lang='lat' dir='ltr'><strong>ner·</strong></span> 
     </span>
     <span class='ocr_line' id='line_1_23' title="bbox 226 3074 1346 3166; baseline 0 -27"><span class='ocrx_word' id='word_1_172' title='bbox 226 3074 299 3139; x_wconf 93' lang='lat' dir='ltr'><strong>bum</strong></span> <span class='ocrx_word' id='word_1_173' title='bbox 330 3092 376 3159; x_wconf 74' lang='lat' dir='ltr'><strong>rap</strong></span> <span class='ocrx_word' id='word_1_174' title='bbox 408 3074 577 3160; x_wconf 90' lang='lat' dir='ltr'><strong>subjectum</strong></span> <span class='ocrx_word' id='word_1_175' title='bbox 611 3076 732 3162; x_wconf 90' lang='lat' dir='ltr'><strong>supplet</strong></span> <span class='ocrx_word' id='word_1_176' title='bbox 766 3077 894 3142; x_wconf 83' lang='lat' dir='ltr'><strong>Jeloaa.</strong></span> <span class='ocrx_word' id='word_1_177' title='bbox 951 3081 1015 3143; x_wconf 90' lang='lat' dir='ltr'><strong>Non</strong></span> <span class='ocrx_word' id='word_1_178' title='bbox 1054 3077 1182 3144; x_wconf 87' lang='lat' dir='ltr'><strong>absurde</strong></span> <span class='ocrx_word' id='word_1_179' title='bbox 1216 3079 1346 3166; x_wconf 82' lang='lat' dir='ltr'><strong>protecto.</strong></span> 
     </span>
     <span class='ocr_line' id='line_1_24' title="bbox 225 3189 1352 3277; baseline 0 -23"><span class='ocrx_word' id='word_1_180' title='bbox 225 3192 335 3254; x_wconf 85' lang='lat' dir='ltr'><strong>Verum</strong></span> <span class='ocrx_word' id='word_1_181' title='bbox 350 3211 444 3273; x_wconf 91' lang='lat' dir='ltr'><strong>quum</strong></span> <span class='ocrx_word' id='word_1_182' title='bbox 468 3191 501 3253; x_wconf 91' lang='lat' dir='ltr'><strong>in</strong></span> <span class='ocrx_word' id='word_1_183' title='bbox 523 3189 768 3275; x_wconf 86' lang='lat' dir='ltr'><strong>praecedentibus</strong></span> <span class='ocrx_word' id='word_1_184' title='bbox 783 3212 845 3255; x_wconf 91' lang='lat' dir='ltr'><strong>non</strong></span> <span class='ocrx_word' id='word_1_185' title='bbox 860 3192 919 3255; x_wconf 90' lang='lat' dir='ltr'><strong>nisi</strong></span> <span class='ocrx_word' id='word_1_186' title='bbox 935 3213 1045 3277; x_wconf 88' lang='lat' dir='ltr'><strong>magno</strong></span> <span class='ocrx_word' id='word_1_187' title='bbox 1060 3190 1223 3257; x_wconf 87' lang='lat' dir='ltr'><strong>intervallo</strong></span> <span class='ocrx_word' id='word_1_188' title='bbox 1238 3194 1352 3259; x_wconf 76' lang='lat' dir='ltr'><strong>deletae</strong></span> 
     </span>
     <span class='ocr_line' id='line_1_25' title="bbox 225 3304 1347 3392; baseline 0.001 -24"><span class='ocrx_word' id='word_1_189' title='bbox 225 3326 334 3369; x_wconf 90' lang='lat' dir='ltr'><strong>nomen</strong></span> <span class='ocrx_word' id='word_1_190' title='bbox 357 3306 502 3389; x_wconf 88' lang='lat' dir='ltr'><strong>scriptum</strong></span> <span class='ocrx_word' id='word_1_191' title='bbox 524 3310 633 3387; x_wconf 82' lang='lat' dir='ltr'><strong>exstet,</strong></span> <span class='ocrx_word' id='word_1_192' title='bbox 659 3304 761 3370; x_wconf 89' lang='lat' dir='ltr'><strong>malim</strong></span> <span class='ocrx_word' id='word_1_193' title='bbox 783 3304 833 3369; x_wconf 79' lang='lat' dir='ltr'><strong>hlc</strong></span> <span class='ocrx_word' id='word_1_194' title='bbox 852 3305 1001 3391; x_wconf 88' lang='lat' dir='ltr'><strong>supplere,</strong></span> <span class='ocrx_word' id='word_1_195' title='bbox 1031 3308 1112 3391; x_wconf 89' lang='lat' dir='ltr'><strong>quod</strong></span> <span class='ocrx_word' id='word_1_196' title='bbox 1128 3309 1270 3392; x_wconf 76' lang='lat' dir='ltr'><strong>proximt</strong></span> <span class='ocrx_word' id='word_1_197' title='bbox 1285 3310 1347 3372; x_wconf 72' lang='lat' dir='ltr'><strong>met.</strong></span> 
     </span>
     <span class='ocr_line' id='line_1_26' title="bbox 230 3418 1351 3506; baseline 0.001 -24"><span class='ocrx_word' id='word_1_198' title='bbox 230 3423 267 3483; x_wconf 85' lang='lat' dir='ltr'><strong>ll</strong></span> <span class='ocrx_word' id='word_1_199' title='bbox 292 3426 500 3505; x_wconf 78' lang='lat' dir='ltr'><strong>praecesserat,</strong></span> <span class='ocrx_word' id='word_1_200' title='bbox 517 3419 686 3504; x_wconf 89' lang='lat' dir='ltr'><strong>subjectum</strong></span> <span class='ocrx_word' id='word_1_201' title='bbox 709 3418 790 3487; x_wconf 73' lang='lat' dir='ltr'><strong>rbus</strong></span> <span class='ocrx_word' id='word_1_202' title='bbox 797 3445 806 3498; x_wconf 85' lang='lat'>3</span> <span class='ocrx_word' id='word_1_203' title='bbox 827 3425 863 3485; x_wconf 90' lang='lat' dir='ltr'><strong>ut</strong></span> <span class='ocrx_word' id='word_1_204' title='bbox 884 3422 983 3506; x_wconf 90' lang='lat' dir='ltr'><strong>ipsum</strong></span> <span class='ocrx_word' id='word_1_205' title='bbox 998 3420 1076 3486; x_wconf 89' lang='lat' dir='ltr'><strong>illud</strong></span> <span class='ocrx_word' id='word_1_206' title='bbox 1089 3422 1291 3500; x_wconf 75' lang='lat' dir='ltr'><strong>simulacrum,</strong></span> <span class='ocrx_word' id='word_1_207' title='bbox 1311 3419 1351 3484; x_wconf 89' lang='lat' dir='ltr'><strong>cui</strong></span> 
     </span>
     <span class='ocr_line' id='line_1_27' title="bbox 225 3532 1352 3620; baseline -0.001 -21"><span class='ocrx_word' id='word_1_208' title='bbox 225 3556 287 3599; x_wconf 86' lang='lat' dir='ltr'><strong>sese</strong></span> <span class='ocrx_word' id='word_1_209' title='bbox 309 3538 503 3618; x_wconf 88' lang='lat' dir='ltr'><strong>prosternunt</strong></span> <span class='ocrx_word' id='word_1_210' title='bbox 525 3555 558 3597; x_wconf 93' lang='lat' dir='ltr'><strong>ac</strong></span> <span class='ocrx_word' id='word_1_211' title='bbox 580 3532 751 3620; x_wconf 87' lang='lat' dir='ltr'><strong>supplicant</strong></span> <span class='ocrx_word' id='word_1_212' title='bbox 772 3535 839 3619; x_wconf 88' lang='lat' dir='ltr'><strong>ejus</strong></span> <span class='ocrx_word' id='word_1_213' title='bbox 861 3534 1004 3611; x_wconf 88' lang='lat' dir='ltr'><strong>cultores,</strong></span> <span class='ocrx_word' id='word_1_214' title='bbox 1022 3557 1126 3600; x_wconf 89' lang='lat' dir='ltr'><strong>eorum</strong></span> <span class='ocrx_word' id='word_1_215' title='bbox 1140 3535 1249 3600; x_wconf 89' lang='lat' dir='ltr'><strong>oculos</strong></span> <span class='ocrx_word' id='word_1_216' title='bbox 1264 3555 1352 3600; x_wconf 86' lang='lat' dir='ltr'><strong>occae·</strong></span> 
     </span>
     <span class='ocr_line' id='line_1_28' title="bbox 228 3647 1353 3735; baseline 0.002 -25"><span class='ocrx_word' id='word_1_217' title='bbox 228 3669 294 3712; x_wconf 89' lang='lat' dir='ltr'><strong>care</strong></span> <span class='ocrx_word' id='word_1_218' title='bbox 317 3647 433 3712; x_wconf 87' lang='lat' dir='ltr'><strong>dicatur</strong></span> <span class='ocrx_word' id='word_1_219' title='bbox 454 3670 490 3711; x_wconf 89' lang='lat' dir='ltr'><strong>ac</strong></span> <span class='ocrx_word' id='word_1_220' title='bbox 512 3650 597 3732; x_wconf 90' lang='lat' dir='ltr'><strong>quasi</strong></span> <span class='ocrx_word' id='word_1_221' title='bbox 619 3650 759 3714; x_wconf 75' lang='lat' dir='ltr'><strong>oblinere.</strong></span> <span class='ocrx_word' id='word_1_222' title='bbox 809 3650 889 3724; x_wconf 86' lang='lat' dir='ltr'><strong>Quae</strong></span> <span class='ocrx_word' id='word_1_223' title='bbox 912 3651 1119 3735; x_wconf 89' lang='lat' dir='ltr'><strong>interpretatio</strong></span> <span class='ocrx_word' id='word_1_224' title='bbox 1147 3655 1180 3714; x_wconf 88' lang='lat' dir='ltr'><strong>et</strong></span> <span class='ocrx_word' id='word_1_225' title='bbox 1205 3674 1224 3716; x_wconf 92' lang='lat' dir='ltr'><strong>a</strong></span> <span class='ocrx_word' id='word_1_226' title='bbox 1249 3649 1353 3735; x_wconf 90' lang='lat' dir='ltr'><strong>simpli·</strong></span> 
     </span>
    </p>
   </div>
   <div class='ocr_carea' id='block_1_4' title="bbox 226 3763 1354 3962">
    <p class='ocr_par' dir='ltr' id='par_1_6' title="bbox 226 3763 1354 3962">
     <span class='ocr_line' id='line_1_29' title="bbox 228 3763 1354 3848; baseline -0.001 -22"><span class='ocrx_word' id='word_1_227' title='bbox 228 3765 315 3826; x_wconf 86' lang='lat' dir='ltr'><strong>citata</strong></span> <span class='ocrx_word' id='word_1_228' title='bbox 343 3763 545 3827; x_wconf 89' lang='lat' dir='ltr'><strong>commendari</strong></span> <span class='ocrx_word' id='word_1_229' title='bbox 576 3763 695 3828; x_wconf 91' lang='lat' dir='ltr'><strong>videtur</strong></span> <span class='ocrx_word' id='word_1_230' title='bbox 716 3768 747 3827; x_wconf 89' lang='lat' dir='ltr'><strong>et</strong></span> <span class='ocrx_word' id='word_1_231' title='bbox 770 3785 839 3828; x_wconf 90' lang='lat' dir='ltr'><strong>cum</strong></span> <span class='ocrx_word' id='word_1_232' title='bbox 863 3766 995 3846; x_wconf 70' lang='lat' dir='ltr'><strong>satiricis,</strong></span> <span class='ocrx_word' id='word_1_233' title='bbox 1020 3767 1080 3848; x_wconf 76' lang='lat' dir='ltr'><strong>qud</strong></span> <span class='ocrx_word' id='word_1_234' title='bbox 1100 3769 1186 3830; x_wconf 88' lang='lat' dir='ltr'><strong>totus</strong></span> <span class='ocrx_word' id='word_1_235' title='bbox 1209 3764 1260 3830; x_wconf 88' lang='lat' dir='ltr'><strong>hic</strong></span> <span class='ocrx_word' id='word_1_236' title='bbox 1280 3763 1354 3829; x_wconf 89' lang='lat' dir='ltr'><strong>locus</strong></span> 
     </span>
     <span class='ocr_line' id='line_1_30' title="bbox 226 3877 844 3962; baseline -0.002 -19"><span class='ocrx_word' id='word_1_237' title='bbox 226 3879 371 3951; x_wconf 87' lang='lat' dir='ltr'><strong>cernitur,</strong></span> <span class='ocrx_word' id='word_1_238' title='bbox 396 3878 511 3941; x_wconf 87' lang='lat' dir='ltr'><strong>ratione</strong></span> <span class='ocrx_word' id='word_1_239' title='bbox 535 3877 669 3962; x_wconf 90' lang='lat' dir='ltr'><strong>apprime</strong></span> <span class='ocrx_word' id='word_1_240' title='bbox 693 3879 844 3943; x_wconf 88' lang='lat' dir='ltr'><strong>convenit.</strong></span> 
     </span>
    </p>
   </div>
   <div class='ocr_carea' id='block_1_5' title="bbox 224 4105 1352 4538">
    <p class='ocr_par' dir='ltr' id='par_1_7' title="bbox 224 4105 1352 4538">
     <span class='ocr_line' id='line_1_31' title="bbox 270 4105 1352 4192; baseline 0.001 -24"><span class='ocrx_word' id='word_1_241' title='bbox 270 4107 364 4169; x_wconf 91' lang='lat' dir='ltr'><strong>Hocoe</strong></span> <span class='ocrx_word' id='word_1_242' title='bbox 385 4127 455 4170; x_wconf 92' lang='lat' dir='ltr'><strong>oum</strong></span> <span class='ocrx_word' id='word_1_243' title='bbox 476 4105 543 4169; x_wconf 93' lang='lat' dir='ltr'><strong>loco</strong></span> <span class='ocrx_word' id='word_1_244' title='bbox 565 4106 674 4169; x_wconf 79' lang='lat' dir='ltr'><strong>ididem</strong></span> <span class='ocrx_word' id='word_1_245' title='bbox 696 4126 848 4192; x_wconf 86' lang='lat' dir='ltr'><strong>compares</strong></span> <span class='ocrx_word' id='word_1_246' title='bbox 869 4106 960 4171; x_wconf 90' lang='lat' dir='ltr'><strong>velim</strong></span> <span class='ocrx_word' id='word_1_247' title='bbox 982 4129 1095 4172; x_wconf 69' lang='lat' dir='ltr'><strong>sermm</strong></span> <span class='ocrx_word' id='word_1_248' title='bbox 1117 4108 1175 4184; x_wconf 75' lang='lat'><strong>20;</strong></span> <span class='ocrx_word' id='word_1_249' title='bbox 1194 4108 1250 4173; x_wconf 90' lang='lat' dir='ltr'><strong>ubi</strong></span> <span class='ocrx_word' id='word_1_250' title='bbox 1264 4109 1352 4173; x_wconf 89' lang='lat' dir='ltr'><strong>denuo</strong></span> 
     </span>
     <span class='ocr_line' id='line_1_32' title="bbox 225 4218 1352 4310; baseline 0.001 -26"><span class='ocrx_word' id='word_1_251' title='bbox 225 4221 396 4304; x_wconf 91' lang='lat' dir='ltr'><strong>quaeritur,</strong></span> <span class='ocrx_word' id='word_1_252' title='bbox 422 4226 491 4284; x_wconf 87' lang='lat' dir='ltr'><strong>ante</strong></span> <span class='ocrx_word' id='word_1_253' title='bbox 514 4221 609 4304; x_wconf 90' lang='lat' dir='ltr'><strong>prima</strong></span> <span class='ocrx_word' id='word_1_254' title='bbox 636 4221 726 4286; x_wconf 88' lang='lat' dir='ltr'><strong>verba</strong></span> <span class='ocrx_word' id='word_1_255' title='bbox 756 4218 792 4287; x_wconf 67' lang='lat' dir='ltr'><strong>ab</strong></span> <span class='ocrx_word' id='word_1_256' title='bbox 815 4239 881 4287; x_wconf 70' lang='lat' dir='ltr'><strong>&#39;aaa</strong></span> <span class='ocrx_word' id='word_1_257' title='bbox 902 4240 986 4298; x_wconf 69' lang='lat' dir='ltr'><strong>nvn,</strong></span> <span class='ocrx_word' id='word_1_258' title='bbox 1019 4223 1135 4305; x_wconf 90' lang='lat' dir='ltr'><strong>ecquod</strong></span> <span class='ocrx_word' id='word_1_259' title='bbox 1166 4223 1352 4310; x_wconf 83' lang='lat' dir='ltr'><strong>cogitandum</strong></span> 
     </span>
     <span class='ocr_line' id='line_1_33' title="bbox 225 4335 1351 4423; baseline 0 -26"><span class='ocrx_word' id='word_1_260' title='bbox 225 4336 265 4398; x_wconf 89' lang='lat' dir='ltr'><strong>sit</strong></span> <span class='ocrx_word' id='word_1_261' title='bbox 287 4337 430 4400; x_wconf 88' lang='lat' dir='ltr'><strong>orationis</strong></span> <span class='ocrx_word' id='word_1_262' title='bbox 445 4337 613 4420; x_wconf 76' lang='lat' dir='ltr'><strong>endy‘rotum.</strong></span> <span class='ocrx_word' id='word_1_263' title='bbox 663 4335 880 4401; x_wconf 90' lang='lat' dir='ltr'><strong>Knobelius</strong></span> <span class='ocrx_word' id='word_1_264' title='bbox 903 4336 1013 4419; x_wconf 90' lang='lat' dir='ltr'><strong>aliique</strong></span> <span class='ocrx_word' id='word_1_265' title='bbox 1045 4337 1145 4421; x_wconf 91' lang='lat' dir='ltr'><strong>ipsum</strong></span> <span class='ocrx_word' id='word_1_266' title='bbox 1168 4359 1232 4403; x_wconf 85' lang='lat' dir='ltr'><strong>esse</strong></span> <span class='ocrx_word' id='word_1_267' title='bbox 1253 4340 1351 4423; x_wconf 88' lang='lat' dir='ltr'><strong>putant</strong></span> 
     </span>
     <span class='ocr_line' id='line_1_34' title="bbox 224 4451 1351 4538; baseline 0 -26"><span class='ocrx_word' id='word_1_268' title='bbox 224 4451 366 4536; x_wconf 70' lang='lat' dir='ltr'><strong>inopinis</strong></span> <span class='ocrx_word' id='word_1_269' title='bbox 388 4454 535 4518; x_wconf 70' lang='lat' dir='ltr'><strong>mitterem.</strong></span> <span class='ocrx_word' id='word_1_270' title='bbox 582 4451 685 4516; x_wconf 86' lang='lat' dir='ltr'><strong>Videat</strong></span> <span class='ocrx_word' id='word_1_271' title='bbox 707 4473 777 4517; x_wconf 87' lang='lat' dir='ltr'><strong>vero</strong></span> <span class='ocrx_word' id='word_1_272' title='bbox 800 4453 850 4519; x_wconf 84' lang='lat' dir='ltr'><strong>Vir</strong></span> <span class='ocrx_word' id='word_1_273' title='bbox 872 4453 1075 4535; x_wconf 78' lang='lat' dir='ltr'><strong>acutissimae,</strong></span> <span class='ocrx_word' id='word_1_274' title='bbox 1107 4453 1161 4536; x_wconf 92' lang='lat' dir='ltr'><strong>qui</strong></span> <span class='ocrx_word' id='word_1_275' title='bbox 1193 4452 1280 4538; x_wconf 92' lang='lat' dir='ltr'><strong>plura</strong></span> <span class='ocrx_word' id='word_1_276' title='bbox 1309 4451 1351 4514; x_wconf 86' lang='lat' dir='ltr'><strong>hle</strong></span> 
     </span>
    </p>
   </div>
   <div class='ocr_carea' id='block_1_6' title="bbox 0 0 1396 4958">
    <p class='ocr_par' dir='ltr' id='par_1_8' title="bbox 0 0 1396 4958">
     <span class='ocr_line' id='line_1_35' title="bbox 0 0 1396 4958; baseline 0 0"><span class='ocrx_word' id='word_1_277' title='bbox 0 0 1396 4958; x_wconf 95' lang='lat' dir='ltr'><strong> </strong></span> 
     </span>
    </p>
   </div>
  </div>
 </body>
</html>
