2828 4950
611 347 776 391 censuras.
1223 329 1262 389 37

132 515 279 588 Arabica,
306 514 378 578 item
403 516 533 580 Graecae
556 514 642 579 Vera.
659 515 762 580 Codex
786 514 1028 579 Alexandrinae.
1054 514 1180 577 Inverso
1196 533 1267 576 varo

137 630 244 693 ordine
277 627 348 694 esu
378 647 433 694 cnv
465 628 530 692 loco
561 622 717 712 parallelo,
752 634 771 692 2
799 626 909 693 Cicron.
940 627 1000 693 VI.
1033 633 1090 705 20,
1121 629 1265 712 scriptum

136 749 203 808 exst
221 749 243 807 t.
291 748 393 828 Atque
416 743 473 807 hoc
496 745 573 828 Syra
595 749 696 808 secuta
719 749 765 807 est
786 765 821 806 ac
841 744 972 807 Graecae
994 741 1082 806 Vers.
1106 741 1184 808 Cod.
1208 742 1266 805 Va·

136 861 256 922 titanus
278 857 399 942 aliique.
437 858 546 941 Neque
562 858 653 936 enim,
673 859 753 942 quod
769 880 807 922 ex
822 858 1182 925 Theniiannotatione
1202 855 1266 918 affi-

137 975 217 1050 cias,
251 971 302 1036 htc
324 974 455 1037 Graecae
478 973 742 1057 interpretationis
770 973 865 1037 Codd.
890 973 1092 1037 consentiunt.
1140 969 1267 1054 Duplici

136 1107 208 1152 vero
231 1087 352 1150 nominc
374 1086 453 1149 idem
478 1084 566 1149 nobis
588 1087 755 1150 laudandus
778 1093 824 1151 est
847 1085 995 1153 Criticus.
1044 1085 1188 1158 Quicum
1204 1083 1267 1148 vul·

137 1203 242 1284 gatnm
265 1198 424 1264 verborum
449 1200 597 1280 ordinem,
622 1205 727 1264 nostro
750 1208 831 1265 certe
853 1202 931 1280 loco,
957 1206 1038 1266 recte
1053 1206 1170 1274 tuetur;
1186 1203 1264 1276 tum,

128 1313 218 1377 unde
240 1315 376 1397 ineptum
400 1316 554 1378 exstiterit
570 1315 843 1380 Alexandrinorum
860 1316 1107 1390 additamentum,
1126 1315 1269 1377 sectionis

136 1427 196 1490 fine
220 1425 310 1492 verba
333 1432 453 1515 ἡμέρας
471 1435 526 1496 καὶ
544 1435 664 1506 νυκτὸς
679 1433 896 1514 repetentium,
921 1436 1059 1495 accurate
1076 1429 1173 1493 docet.
1197 1427 1267 1498 Quo

135 1546 236 1604 tamen
262 1562 330 1603 curn
362 1547 537 1606 contextum
567 1564 628 1606 non
659 1544 863 1626 inquinaverit
885 1546 1024 1629 princeps
1054 1544 1101 1607 ad.
1124 1541 1269 1627 Complu-

135 1656 241 1734 tansis,
269 1656 431 1718 recentiori
455 1658 556 1740 potius
590 1657 797 1742 interpolatori
820 1657 1014 1723 tribuendum
1039 1656 1159 1722 videtur
1189 1657 1268 1741 glos·

118 1755 229 1850 sema,
255 1791 344 1854 quam
367 1771 463 1854 ipsius
485 1771 665 1855 Interpretis
687 1774 795 1839 errori.

181 2003 275 2067 Sect.
300 2005 353 2066 30.
399 2000 555 2064 Postrema
585 1999 655 2064 bina
689 2000 781 2065 verbe
811 1998 897 2068 unta
927 2007 1019 2068 nunna
1050 2003 1151 2065 minus
1178 2021 1267 2066 accu-

136 2121 200 2179 rate
223 2120 347 2179 vertunt
370 2113 461 2178 LXX
484 2120 538 2181 καὶ
559 2123 702 2198 ποιήσεις
728 2121 784 2181 καὶ
805 2117 896 2195 ἵλεως
921 2118 988 2202 ἔσῃ.
1037 2116 1076 2179 In
1100 2115 1211 2199 quibus
1234 2137 1269 2178 ea

135 2229 347 2314 plerorumque
378 2235 458 2294 carte
490 2229 636 2294 Codicum
666 2232 824 2294 concordia
855 2239 911 2310 est,
946 2233 1095 2315 quaevis
1129 2230 1267 2294 dubitare
1366 2220 1367 2223 ¹

136 2345 215 2408 sinat
238 2345 312 2428 quiu
328 2366 345 2407 a
360 2345 457 2428 primat
474 2365 564 2408 mann
580 2344 652 2409 hacc
668 2346 829 2430 repetenda
843 2347 883 2409 ait
898 2348 1117 2431 interpretatio.
1153 2345 1267 2409 Melius

143 2459 285 2544 Vulpala,
313 2459 362 2523 cui
385 2481 417 2522 se
441 2459 585 2523 assentire
608 2459 767 2543 profitetur
789 2459 988 2524 Thcnius:
1020 2461 1065 2524 Er
1087 2483 1153 2526 cum
1177 2482 1268 2525 acau-

133 2575 231 2638 dz‘cria
250 2552 409 2657 propitius
431 2576 472 2637 sia
495 2573 543 2638 vel
557 2576 624 2639 cria.
658 2575 754 2639 Recte
770 2576 860 2639 etiam
875 2575 972 2662 &rua
987 2580 1077 2660 atque
1093 2574 1209 2639 Arabe.
1223 2610 1265 2622 --

135 2686 226 2759 Quod
259 2686 296 2749 ad
332 2686 584 2764 Alexandrinam
617 2689 742 2778 tortasse
775 2688 936 2754 variandae
970 2694 1088 2753 tantum
1123 2691 1267 2755 orationis

135 2801 259 2872 causet,
285 2802 376 2865 sicuti
401 2800 552 2877 diximus,
579 2807 751 2879 verterunt,
785 2804 904 2887 quando
927 2801 973 2867 bis
995 2805 1056 2887 jam
1081 2806 1185 2868 eddam
1210 2804 1267 2867 hec

121 2894 274 2978 sectione·
300 2913 392 2980 verbo
421 2922 601 2984 εἰσακούειν
629 2918 676 2980 usi
707 2923 803 2981 erant.
853 2919 932 2983 Cum
961 2920 1137 3003 praesertim
1167 2919 1265 2997 infra,

135 3035 210 3093 sect.
235 3033 291 3102 34,
317 3028 487 3092 accuratius
510 3028 634 3094 eandem
657 3028 844 3095 reddiderint
865 3031 1062 3096 locutionem.

180 3257 284 3320 Sect.
312 3259 354 3321 31
390 3257 493 3321 inicio:
534 3257 637 3322 Prima
668 3259 719 3323 htc
753 3266 873 3324 exstant
904 3260 994 3325 verba
1024 3260 1194 3326 Hebraica:
1229 3279 1267 3327 rvr

136 3373 189 3436 aaa
211 3387 279 3437 uun·
309 3373 380 3436 suis.
430 3372 516 3444 Quae
547 3357 705 3437 verterunt
731 3373 832 3438 LXX:
867 3379 926 3442 ὅσα
956 3382 1000 3443 ἂν
1033 3381 1161 3464 ἁμάρτῃ
1193 3377 1266 3442 tua·

135 3511 222 3562 στος,
248 3485 307 3565 vel,
334 3494 369 3551 ut
392 3485 442 3550 alii
466 3486 588 3562 habent,
612 3496 801 3575 ἄνθρωπος.
850 3489 1032 3554 Laudandus
1055 3495 1153 3552 autem
1177 3489 1266 3552 The·

135 3601 240 3675 nius‚
275 3601 327 3684 qui
359 3600 471 3665 diserte
499 3600 557 3664 hac
580 3601 700 3666 illorum
723 3600 891 3686 improbatis
913 3601 1176 3685 interpretatione,
1203 3601 1265 3664 fere

136 3719 172 3777 ut
202 3712 302 3798 Vulp„
326 3713 436 3800 Syrus,
461 3713 576 3794 Araba,
603 3716 705 3780 vertit:
731 3717 758 3780 si
776 3717 1054 3801 peccaueritcaet.‚
1071 3714 1261 3781 adverbum:

136 3827 189 3893 loc
210 3840 309 3894 sumto
331 3839 434 3894 euentu
457 3839 490 3892 ut
508 3840 620 3914 peccet.

180 4163 252 4239 Sed,
279 4161 364 4227 ecca!
388 4163 477 4227 video
500 4185 534 4228 ac
556 4164 642 4228 doleo
657 4186 719 4228 non
742 4167 814 4229 satis
835 4167 911 4231 mihi
926 4170 1014 4254 spatii
1031 4174 1198 4253 suppetere,
1215 4172 1262 4246 ut,
1364 4184 1368 4193 “

135 4279 227 4343 sicuti
251 4279 466 4364 cogitaveram,
491 4279 622 4365 reliquas
644 4282 733 4346 etiam
758 4280 863 4345 harum
886 4303 1008 4367 precum
1031 4288 1130 4367 partes
1152 4271 1266 4366 perlus-

135 4397 233 4471 trem,
260 4414 294 4457 ac
316 4391 458 4459 'l'henii
489 4415 558 4459 cum
590 4395 862 4463 Alexandrinorum
886 4397 1053 4462 rationibus
1076 4397 1264 4461 contendam.
