2782 4958
525 124 564 168 66
587 121 783 168 6666666616.
1179 99 1218 163 il

109 288 200 364 lucere
233 317 329 390 posse
364 291 464 364 lacem
497 291 535 364 iis
558 290 743 364 ostenderet
770 290 831 388 (l)
859 341 898 349 -
930 290 1009 378 Sed,
1036 291 1062 361 si
1090 289 1220 362 minime

10 548 35 605 ta
112 535 246 610 inlinitum
283 553 442 637 quantum
475 537 661 636 Philippo
699 535 911 608 Guiliclmo
945 561 1016 608 van
1053 534 1217 608 Heusde.

111 658 177 734 lluic
205 662 310 748 enim,
346 661 384 732 iis
418 660 592 757 imprimiS,
623 659 678 732 ubi
717 659 805 733 illum
839 658 981 731 habebat
1005 659 1218 745 Auditorem,

109 785 307 882 temporibus,
339 783 538 856 incredibilis
570 783 729 881 quaedam
762 781 849 881 apud
884 787 1042 880 ingenuos
1069 807 1218 882 quosque

104 902 226 981 iuvenes
247 907 451 980 academicos
472 907 533 980 luit
556 907 743 980 auctoritas.
784 905 869 978 Huic
887 905 957 993 661,
982 931 1058 1004 prae
1081 905 1218 979 caeteris

103 1036 210 1102 tantam
234 1057 298 1103 nom
321 1031 488 1116 omnibus,
510 1031 605 1129 plane
626 1030 800 1127 singularis
820 1029 928 1129 aliqua
943 1042 1012 1102 erat
1028 1054 1085 1102 eos
1104 1042 1136 1101 et
1155 1029 1216 1101 sibi

98 1161 125 1218 et
140 1151 338 1253 disciplinae,
357 1179 454 1253 quarn
474 1161 506 1225 in
521 1153 643 1227 deliciis
658 1153 813 1240 habebat,
827 1153 1019 1226 conciliandi
1037 1153 1168 1227 solertia
1183 1169 1216 1228 et

85 1267 231 1350 tamtus.
272 1276 529 1376 Royaardsii
552 1277 738 1374 singulatim
760 1277 902 1348 animum
925 1276 1052 1376 qualem
1072 1277 1217 1375 rapuerit

87 1389 117 1464 ln
146 1400 403 1488 admirationem,
422 1425 462 1472 ex
484 1399 555 1498 ipso
576 1400 764 1489 6611166166,
787 1399 828 1473 de
849 1400 1003 1473 defuncto
1029 1402 1216 1500 nuperrime

83 1511 241 1620 Magistro
266 1536 300 1596 61
326 1522 388 1595 6116
419 1534 452 1596 61
478 1522 559 1595 haec
592 1524 755 1622 professo:
791 1519 847 1596 nd
871 1551 932 1622 qno
951 1526 1058 1621 primo
1084 1539 1218 1623 tempore

79 1647 175 1740 »ejas
200 1647 323 1719 intravi
352 1645 522 1735 Sclrolus‚”
547 1648 668 1747 inquit,
696 1648 855 1746 stripinto
879 1645 947 1742 fere
968 1647 1047 1717 milri
1073 1647 1217 1719 adierunt

10 1792 14 1855 ,t
75 1771 195 1843 »anni
254 1770 364 1842 Virum
388 1769 481 1842 valde
512 1768 731 1866 suspiciebam,
762 1795 852 1866 quem
882 1767 1072 1840 Academiae
1094 1783 1218 1840 nostrae

71 1906 323 1966 »ornamentum
354 1919 415 1964 esse
442 1919 483 1964 em
507 1895 606 1965 Patre
636 1918 848 1990 capnoueram.
903 1890 989 1982 Quid
1013 1906 1104 1982 esset,
1135 1893 1216 1990 quod

69 2017 247 2088 »continua
267 2015 355 2088 illius
370 2017 565 2113 potissimam
586 2015 707 2088 Soletis
723 2040 771 2086 mc
791 2015 974 2104 devinciret,
1002 2028 1073 2086 1666
1090 2015 1215 2113 quidem

68 2137 263 2238 »ignoravi
315 2139 379 2213 Sed
405 2153 508 2212 tannen
532 2166 628 2238 quam
653 2139 845 2211 uehementer
864 2137 999 2236 pelleret
1023 2163 1061 2208 66
1086 2163 1215 2209 commo·

64 2277 195 2334 ttverer
222 2263 485 2360 persentiscedom.
537 2264 602 2334 Per
633 2276 696 2334 6616
717 2287 818 2360 paene
847 2259 989 2358 deinceps
1018 2284 1133 2348 annos,
1155 2260 1214 2357 p'u-

62 2385 203 2457 »enam
225 2386 446 2458 admirationis
470 2410 560 2458 sensu
591 2400 689 2457 taetus
714 2410 751 2457 66
776 2383 969 2482 perrnulsas,
991 2386 1026 2455 in
1046 2384 1113 2481 ejas
1143 2383 1217 2481 alepi

10 2548 14 2573 .
59 2521 81 2564 ’1
94 2508 269 2581 auditorio.
321 2507 421 2606 Atque
443 2509 497 2579 lroc
518 2507 568 2579 uel
587 2509 728 2579 mamime
750 2507 836 2605 apud
855 2532 903 2578 me
923 2506 1058 2578 caluisse
1079 2507 1215 2578 6111166-

56 2641 80 2686 »
95 2627 212 2727 lupicis
226 2655 443 2728 praepararer
461 2631 581 2719 stadiis,
601 2644 708 2727 postea
724 2632 819 2702 etiam
836 2629 986 2702 intellexi.
1031 2629 1125 2701 illins
1149 2631 1214 2727 iqi-

53 2763 80 2809 »
95 2763 155 2824 tae
175 2754 327 2824 institutio
343 2779 381 2825 66
406 2754 595 2825 conversatio
615 2753 702 2825 nullo
723 2780 784 2825 non
808 2767 940 2851 tempore
961 2777 1032 2825 mea
1055 2752 1216 2825 moderari

50 2885 77 2930 >³
93 2875 209 2948 studia
222 2889 441 2972 peruenerunt.
469 2875 570 2949 Suam
586 2876 665 2946 milri
681 2877 852 2974 impertivit
872 2876 1064 2962 amicitr'ant;
1078 2900 1115 2947 66
1132 2902 1212 2974 paa-

35 3008 77 3076 ‚⁸
94 2995 157 3087 lis,
171 3000 334 3096 postremis
348 3000 488 3070 manime
505 2999 621 3096 cipinti
639 2999 718 3070 laisoe
736 2999 838 3086 annis,
852 2999 933 3071 milri
947 2997 1045 3096 fiterit
1064 2998 1209 3091 Amicus,

43 3132 77 3177 Ἀ
94 3122 469 3222 nunquamoblioiscar.”
496 3125 584 3195 Haec
610 3121 651 3195 de
677 3122 867 3195 Heusdio
891 3135 990 3222 atque
1007 3120 1128 3209 intime,
1145 3129 1211 3222 qud

44 3255 151 3319 Qum
179 3247 250 3342 ipso
281 3247 491 3343 conjunctum
518 3271 554 3318 se
578 3245 729 3334 sentiret,
750 3245 939 3343 disciplinae
972 3246 1210 3321 necessitudine

43 3379 239 3443 commoto
270 3370 377 3442 animo
411 3369 569 3443 dicentem
597 3369 781 3442 audivimus
805 3371 1119 3469 Royaardsium
1145 3371 1206 3470 (2)

41 3524 231 3559 N.-

116 3668 159 3736 (t)
180 3667 223 3721 De
252 3667 489 3723 De·Rhoerio
519 3667 599 3740 plura
625 3669 745 3722 diximus
772 3668 799 3720 in
830 3684 932 3739 opere:
963 3667 1140 3726 Gesclu‘edenis
1164 3671 1210 3726 der

47 3763 167 3820 ²’ocrem
194 3765 344 3821 0611616616
367 3766 539 3838 Hospesctrool
560 3786 591 3823 ea
609 3769 669 3822 11666
686 3767 791 3836 Hoopll.
818 3767 859 3821 ΙΙ.
882 3773 1001 3822 316-
1023 3769 1067 3822 Ex
1087 3769 1136 3837 iis,
1158 3769 1206 3842 qui

51 3845 116 3916 ibi
134 3864 240 3920 laudati
259 3874 340 3934 6661,
369 3866 556 3940 Scriptoribus
575 3868 619 3921 hic
638 3867 749 3939 quidem
776 3865 909 3938 imprimis
930 3866 957 3920 in
978 3884 1090 3921 censum
1111 3868 1205 3922 venit:

52 3963 324 4034 ν66Η666116,
351 3983 410 4021 caer
429 3966 462 4022 C.
485 3968 531 4022 W.
554 3966 747 4032 1161111666,
772 3966 941 4035 peltensclretst
958 3965 1082 4035 tuamen
1097 3967 1136 4020 616
1158 3965 1207 4021 Ge·

47 4063 280 4136 *emanandum
299 4064 378 4138 Traj.
399 4068 435 4121 ad
453 4067 508 4122 Rh.
531 4072 613 4122 1821.

115 4163 158 4236 (1)
177 4164 215 4220 Et
233 4182 277 4233 ea,
299 4182 369 4236 qaae
388 4165 542 4233 retulimus,
563 4174 592 4220 61
610 4165 663 4220 6116
678 4167 774 4221 eodem
790 4164 958 4238 pertinentis
976 4164 1052 4219 nidd.
1074 4163 1102 4219 in
1117 4164 1206 4220 Amici

56 4243 177 4335 libello,
200 4265 283 4319 modo
304 4265 493 4333 samalaud,
514 4283 579 4337 pag.
602 4273 628 4320 1.
