2828 4950
552 379 592 419 nn
617 378 675 419 nno
700 376 862 418 noorrrrun.
1209 360 1272 422 179

140 568 286 613 cerone
309 545 460 630 disputata
482 545 692 629 perpenderit,
716 544 863 627 ejusmodi
886 564 953 607 eum
977 542 1159 607 Philonis
1182 544 1273 609 disci·

138 662 244 748 pulum
267 661 361 725 fuisse
383 658 561 738 contendet,
593 660 646 744 qui
676 660 1001 724 Academicorum
1034 657 1274 724 dubitationibus

138 777 388 862 captionibusque
411 773 551 839 subtilem
576 775 803 839 Stoicorum
825 796 879 859 pro
904 775 962 838 Dei
984 775 1068 839 cultu
1090 776 1202 839 tuendo
1225 798 1272 839 ar·

138 892 398 979 gumentationem
416 890 503 975 plane
524 890 706 953 confutatam
729 895 850 974 putaret
872 895 961 974 atque
984 895 1166 956 enervatam.
1193 890 1272 961 Quis

139 1009 222 1071 enim
254 1027 312 1070 uon
344 1005 445 1082 ridet,
478 1026 554 1088 quae
583 1026 677 1089 pauca
707 1027 745 1070 cx
773 1005 876 1070 multis
904 1005 1060 1071 attulimus
1083 1007 1149 1090 ejus
1172 1005 1269 1082 dicta,

137 1144 228 1208 quam
259 1143 397 1208 magnam
427 1120 500 1184 haec
535 1120 664 1184 habeant
695 1142 764 1185 cum
798 1123 961 1185 memoratd
991 1120 1105 1185 Balbi
1137 1123 1271 1185 oratione

136 1239 355 1303 sententiarum
376 1236 640 1300 convenientiam?
685 1236 753 1299 Nec
772 1241 892 1317 tamen,
913 1236 1078 1300 seeundum
1099 1236 1271 1301 Middle·

137 1362 268 1419 tonum
292 1353 435 1436 aliosque,
459 1353 491 1414 in
511 1373 611 1415 rerum
635 1352 804 1416 divinarum
827 1351 1024 1435 Philosophia
1046 1351 1195 1415 Stoicos
1217 1374 1269 1437 po-

137 1470 289 1536 tissimum
316 1488 385 1533 eum
418 1476 554 1531 secutum
589 1489 653 1531 esse
687 1467 823 1530 dixerim.
879 1467 1038 1549 Nusquam
1070 1467 1149 1530 enim
1181 1466 1269 1532 Pan·

136 1584 295 1649 aramum
322 1583 407 1647 illum
432 1581 690 1669 peycbolopicum‚
714 1581 765 1665 qui
788 1579 996 1664 praestabilem
1021 1580 1192 1644 Zenonis
1216 1582 1270 1645 mi·

136 1720 204 1763 sere
224 1697 403 1783 inquinabat
425 1697 610 1771 doctrinam,
638 1695 764 1760 Tullii
788 1697 819 1758 iu
843 1696 964 1779 scriptis
988 1700 1165 1780 regnantem
1189 1696 1270 1760 vide·

136 1835 214 1878 mne.
261 1815 309 1878 Ac
331 1814 505 1898 longissime
528 1814 594 1877 sinc
620 1811 713 1875 dubio
737 1811 910 1874 Zenonis
933 1834 949 1873 a
972 1811 1127 1894 discipulis
1151 1811 1200 1876 hic
1224 1834 1271 1876 re-

136 1926 282 2004 cedebat,
316 1928 368 1992 ubi
401 1949 468 1992 cum
491 1929 542 2012 pio
566 1928 625 1991 Dei
650 1927 735 1990 cultu
763 1927 843 1990 nulla
866 1947 925 1990 nou
949 1932 1106 2010 portenta,
1132 1932 1267 2001 omenta,

135 2043 285 2128 auguria,
317 2042 455 2127 prodigia
483 2042 615 2125 aliasque
646 2040 755 2104 multas
778 2039 1003 2125 conjungebant
1025 2041 1266 2123 superstitiones.

137 2156 229 2228 Quod
259 2156 428 2221 luculenter
458 2156 545 2221 Libri
576 2157 781 2220 demonstrant
809 2157 846 2220 dc
870 2154 1080 2218 Divinatione.
1131 2153 1270 2224 Quorum

132 2273 245 2356 priore
274 2293 343 2336 cum
373 2273 491 2356 copiose
522 2273 635 2336 Stoae
667 2277 835 2333 commenta
858 2269 909 2333 illa
932 2271 1029 2333 tuitus
1052 2274 1131 2332 esset
1154 2268 1271 2339 Quin·

136 2393 204 2450 tus
234 2385 388 2464 Frater,
423 2386 518 2451 altero
548 2392 668 2449 strenue
692 2406 759 2448 eum
784 2385 895 2449 refutat
919 2382 1076 2447 Marcus
1100 2384 1269 2467 errorisque

137 2502 318 2563 convincere
340 2505 477 2564 conatur.

183 2613 267 2684 Quid
292 2614 406 2678 multa?
437 2615 534 2677 Sicuti
559 2614 625 2676 aliie
647 2612 725 2678 haud
750 2614 851 2696 paucis
873 2614 906 2675 in
930 2612 1083 2677 doctrinae
1107 2610 1268 2697 capitibus,

136 2728 181 2790 ita
203 2729 233 2791 in
258 2750 359 2792 rerum
382 2731 570 2813 potissimum
594 2729 763 2793 divinarum
788 2728 1009 2810 disquisitione,
1033 2729 1270 2792 Socraticus

136 2843 239 2928 plane,
263 2844 311 2907 vel
334 2844 573 2909 Platonicus
604 2845 704 2927 potius
727 2844 872 2907 dicendus
896 2849 941 2907 est
963 2844 1116 2908 Cicero.
1166 2843 1270 2907 Unum

136 2958 217 3021 enim
238 2957 434 3022 Platonem
454 2960 579 3022 caeteris
594 2958 734 3023 omnibus
750 2958 934 3042 praeferebat
954 2958 1152 3043 Philosophis.
1177 2959 1270 3024 Hunc

135 3093 231 3137 unum
255 3072 456 3137 admirabatur
483 3080 573 3157 atque
598 3074 629 3136 in
653 3073 748 3136 oeulis
772 3073 904 3150 serebat,
934 3079 964 3136 et
987 3073 1133 3137 libentius
1156 3073 1269 3138 studio·

135 3189 277 3273 eiusque,
303 3210 392 3273 quam
415 3209 594 3274 quemquam
617 3187 729 3262 alium,
755 3189 918 3272 sapientiae
943 3188 1048 3251 ducem
1074 3187 1266 3271 sequebatur.

134 3301 240 3385 Hujus
262 3304 451 3386 potissimum
474 3324 511 3366 ex
534 3303 615 3366 fonte
640 3300 840 3385 pulcherrima
864 3323 1011 3385 quaeque,
1032 3324 1107 3385 quae
1132 3302 1269 3365 admirati

135 3436 258 3491 sumus,
289 3416 398 3500 placita
427 3418 565 3481 hauserat
596 3437 630 3479 ac
652 3416 827 3479 sententias.
877 3415 985 3493 Quod,
1012 3418 1195 3500 utquisque
1220 3438 1294 3479 oc·-

136 3530 273 3592 curatins
295 3530 522 3595 Platonicis
553 3552 620 3593 cum
645 3530 772 3615 dialogis
796 3530 922 3594 Tullii
947 3533 1057 3614 scripta
1081 3532 1264 3607 contulerit,

134 3643 180 3707 ita
211 3641 394 3709 luculentius
424 3644 633 3709 confirmatum
665 3643 791 3709 videbit.
840 3646 917 3709 Cum
950 3645 1139 3710 Platonis
1167 3652 1266 3711 autem

134 3755 173 3819 de
197 3755 265 3820 Deo
288 3757 416 3822 decretis
439 3781 507 3823 cnm
530 3780 586 3821 nec
609 3779 704 3840 pauca
728 3780 782 3820 nec
806 3758 882 3821 levia
904 3759 1131 3842 prudentissimi
1155 3761 1267 3844 quique

136 3873 308 3935 communia
339 3872 484 3937 haberent
513 3873 662 3945 Stoici,
696 3894 730 3934 ea
752 3894 870 3957 quoque
894 3873 997 3937 eodem
1023 3874 1194 3957 complexus
1218 3895 1267 3936 as·

136 4008 227 4050 sensu
251 3987 412 4064 Cicero,
439 3989 474 4051 ad
498 3987 551 4050 itta
574 3987 687 4049 tuenda
710 3984 818 4069 placita
842 4008 875 4049 ac
899 3987 1110 4065 confirmanda,
1137 3987 1267 4071 pruden-

136 4105 185 4163 ter
206 4099 313 4165 dorum
337 4104 525 4186 argumentis
547 4099 689 4164 utebatur
714 4123 746 4163 ae
770 4099 945 4164 subtilitate.

181 4438 232 4501 Sic
255 4438 316 4501 fere
348 4437 542 4500 Tullianae
570 4438 607 4500 de
632 4439 696 4500 Deo
721 4439 872 4502 doctrinae
897 4458 965 4501 cum
990 4438 1106 4509 fontes,
1133 4442 1196 4500 turn
1221 4459 1266 4501 ra·

1066 4549 1131 4615 12³÷
