2782 4958
606 368 772 413 caraunus.
1217 359 1258 421 ct

101 536 276 617 receptum
298 536 347 598 est
369 553 404 600 sc
426 531 501 599 bons
523 536 679 612 testatum,
701 556 762 601 non
784 537 871 620 pauci
892 541 963 604 sunt
984 537 1112 605 Codices
1133 542 1187 627 qui
1210 517 1255 611 lsss

101 650 195 733 gant
216 654 320 737 τόπῳ.
370 649 461 722 Quod
483 650 584 734 ipsum
604 670 675 715 cum
690 649 802 716 multos
825 671 893 723 cum
907 653 1093 737 antiquiores
1108 655 1252 742 criticos,

98 766 183 828 tum
207 764 393 831 recentiores
414 762 556 850 probisse
577 766 740 841 nemmem,
757 763 882 833 verebar
897 786 966 834 sana
981 767 1072 852 (quid
1094 770 1174 835 enim
1194 771 1253 837 dif-

97 875 243 963 fiteart)
267 901 307 944 ne
330 879 456 944 eandem
477 878 619 946 incudem
643 879 802 946 ferientem
825 880 1067 966 deprehensurus
1089 904 1196 964 essem,
1214 885 1252 951 do

100 992 208 1077 cnjus
229 991 310 1058 libro
332 992 474 1071 dicimus,
500 993 714 1079 Interpretsm.
763 992 835 1065 Quo
856 995 1022 1080 impensius
1039 1016 1109 1063 eum
1128 998 1253 1067 laudan·

99 1106 191 1172 dum
216 1128 338 1192 censeo,
363 1109 415 1194 qui
438 1110 482 1173 ita
505 1131 537 1173 se
557 1129 646 1174 suum
670 1130 735 1174 esse
758 1109 955 1187 demonstret,
979 1113 1127 1189 atanice
1150 1135 1251 1183 veram

100 1201 198 1286 tueri
221 1240 284 1286 non
304 1220 427 1288 dubitat
446 1222 608 1289 lectionem
629 1230 748 1312 τρόπῳ.
795 1223 843 1289 De
865 1224 955 1291 faisse
976 1225 1117 1292 lectionis
1132 1229 1252 1315 origine

100 1336 136 1400 si
161 1336 247 1401 forte
268 1355 405 1424 quaeras,
431 1335 604 1403 haecmilsi
625 1343 696 1406 nata
717 1342 774 1418 est,
807 1359 896 1423 qnam
922 1339 1063 1424 judicent
1085 1343 1247 1421 acutiores,

99 1450 262 1535 suspicio.
310 1450 453 1516 Proxime
476 1472 545 1518 cum
567 1451 779 1536 praecessisset
806 1453 861 1521 διὰ
888 1460 1033 1536 παντὸς,
1065 1458 1150 1523 omas·
1176 1467 1251 1524 tcm-

99 1587 203 1650 pcrc,
231 1565 374 1631 dictionis
396 1565 576 1652 elegantiam
599 1587 635 1631 sc
656 1567 892 1633 concinnitatem
915 1567 972 1632 hoc
995 1570 1149 1654 requirere
1162 1575 1251 1657 putt-

104 1686 191 1747 runt
212 1679 330 1747 librarii
352 1685 388 1748 ut
410 1679 489 1747 nihil
511 1681 614 1766 potius
636 1680 829 1767 adjiceretur,
853 1703 943 1767 quam
965 1689 1000 1755 ἐν
1023 1691 1125 1755 παντὶ
1145 1694 1247 1776 τόπῳ,

104 1796 201 1860 ommi
226 1795 305 1870 torm
330 1797 442 1881 quippe
464 1797 518 1880 qui
540 1797 688 1881 temporis
710 1817 744 1863 ac
759 1821 761 1825 ·
774 1799 871 1882 spatii
897 1799 1035 1865 notiones
1067 1801 1249 1886 frequentis·

107 1911 192 1975 sime
214 1911 374 1997 conjungi,
393 1933 454 2000 pro
477 1914 532 1977 sua
553 1910 670 1977 scilicet
693 1913 850 1997 sapientia,
876 1913 989 1997 optimc
1012 1916 1177 1982 novissent.
1204 1899 1248 1967 ὲ-

106 2025 174 2090 Sed
198 2024 273 2090 haec
292 2026 467 2112 speciminis
491 2027 597 2094 cansst
617 2026 699 2091 dicta
714 2026 874 2095 sufficiant.
919 2028 1013 2094 Plura
1036 2031 1170 2095 enimin
1191 2033 1249 2098 cri·

109 2141 178 2205 tien
201 2162 312 2226 genera
336 2145 418 2208 recte
441 2140 478 2205 ab
501 2163 537 2205 eo
560 2142 674 2207 monita
702 2163 763 2207 non
787 2142 898 2209 frustra
928 2148 1052 2226 quaeret
1073 2143 1180 2210 harum
1202 2166 1249 2210 re·

111 2275 184 2320 rum
208 2255 348 2321 curiosus
369 2254 466 2322 lector
488 2276 523 2321 ac
545 2256 669 2339 peritus.

157 2702 229 2769 Jam
253 2723 324 2769 vero
347 2702 383 2767 ad
407 2702 529 2768 aiteram
548 2723 676 2786 ,eamque
697 2701 869 2768 uberiorem
884 2705 1043 2790 utriusque
1063 2711 1246 2773 commenta·

112 2818 153 2883 rii
175 2821 304 2902 partem,
330 2817 361 2882 id
385 2821 432 2881 est
454 2818 647 2902 ecepeticcm,
669 2837 806 2902 gressum
829 2817 981 2885 faciamus.
1027 2818 1090 2884 Ubi
1114 2821 1246 2905 primum

109 2952 168 2997 uos
190 2931 344 3006 Censoris,
370 2931 576 3018 Pseudonymi
597 2931 720 3016 quidem
743 2930 795 2996 sed
818 2931 900 2998 docti
923 2933 1073 3017 ejusdem,
1094 2934 1245 3017 judicium

112 3043 245 3109 advertit
271 3043 332 3129 (1).
382 3043 445 3116 Qui
468 3045 608 3132 universe
631 3045 752 3129 quidem
775 3045 968 3113 laudabiliter
984 3047 1129 3113 Veterani
1147 3070 1246 3114 exem·

110 3158 193 3243 plum
213 3159 367 3242 iuniorem
392 3164 528 3224 secutum
551 3179 615 3225 esse
636 3159 841 3245 Interpretem
863 3161 986 3227 fatetur.
1020 3162 1111 3229 »Nec
1130 3166 1249 3245 tamea,
1323 3240 1325 3244 y

113 3272 224 3350 »hic,''
247 3274 360 3356 inquit,
387 3295 565 3339 »nervosam
586 3296 656 3340 eom
673 3297 710 3340 cc
728 3275 878 3340 concisam
901 3285 1048 3342 assecutus
1063 3287 1104 3341 cst
1123 3279 1248 3344 dicendi

114 3390 319 3465 atrocitatem,
334 3391 397 3475 qui
415 3390 652 3474 copiosissimam
669 3410 771 3455 rerum
787 3390 951 3454 materiam
963 3389 1052 3454 *tant
1070 3393 1114 3455 ita
1131 3413 1244 3478 mcpmo

114 3504 322 3589 -paptaacam
344 3524 471 3568 numero
494 3501 670 3568 concludere
698 3501 744 3566 iui
771 3503 900 3589 contipit.
948 3500 1141 3590 Quamquam
1173 3508 1242 3592 ipsa
1343 3561 1347 3565 .

115 3615 204 3682 »iaec
224 3617 373 3684 craticius
394 3617 515 3682 ubertas
529 3617 615 3702 Iotape
631 3617 802 3702 pretiosam
820 3616 921 3682 lectori
936 3628 1024 3704 atque
1043 3622 1241 3704 acceptiorem

117 3729 374 3797 »Liinemanni
393 3731 502 3797 libmm
520 3719 635 3806 'reddit
656 3751 748 3815 quom
764 3730 810 3796 cel
828 3729 865 3796 M
874 3732 982 3814 eyeri
1003 3733 1049 3798 cet
1063 3733 1240 3803 De·Wet-

118 3845 182 3908 »tii
201 3822 464 3911 commentarios.”
478 3845 684 3909 —Postrema
700 3865 771 3907 sane
790 3845 970 3922 rectissime3
990 3845 1152 3914 dummodo
1170 3873 1240 3917 cum

118 3957 193 4022 nulii
215 3957 556 4023 Liinemaunisuao
580 3958 693 4043 copiae,
719 3980 757 4021 nc
780 3957 904 4043 obliqui
922 3960 1057 4044 quidem,
1082 3966 1240 4049 reprehen.

120 4069 192 4136 sicne
223 4070 356 4136 debitam
387 4072 432 4136 illi
462 4073 579 4137 laudem
611 4070 830 4156 conjunxisset.
894 4073 1015 4137 Etenim
1044 4077 1086 4139 ita
1117 4079 1238 4144 demum

115 4237 250 4255 κ...-
283 4247 286 4252 .

149 4337 182 4400 (1)
199 4338 230 4388 In
253 4335 319 4387 theol.
342 4334 496 4388 Litorcturbl.
521 4356 544 4388 z.
566 4335 622 4403 arry.
645 4336 777 4402 (Damnst).
800 4335 837 4387 K.
859 4335 926 4388 Zet.
952 4355 976 4385 a.
1003 4343 1077 4397 18⁵1,
1108 4340 1154 4389 N0.
1178 4346 1235 4401 131,
1299 4386 1300 4390 ,

123 4436 211 4483 tutiore
228 4431 318 4494 A-pc

1055 4522 1102 4585 5*
