2782 4958
134 282 174 360 lt
626 313 768 359 crrsrorn

132 464 275 552 habeant
295 475 472 576 judicium,
499 480 598 577 quain
619 502 707 577 quae
731 501 784 551 res
809 463 973 575 attingunt
990 463 1124 566 diolcos,
1149 500 1263 550 earum

131 601 289 701 imprimis
310 599 555 699 explicationem
582 601 692 673 Jooolri
709 588 915 699 prudentiam
939 590 1126 698 magistram
1152 601 1266 698 requi-

132 746 205 797 rere
224 723 285 795 sibi
305 720 514 821 persuadent.
531 752 533 756 ⁴
552 712 647 808 ‹Quiz
669 723 768 806 7ἔστω
791 729 868 805 πᾶς
891 720 1111 818 ἄνθρωπος,
1137 721 1263 820 inquit,

131 846 257 942 ταχὺς
280 849 335 930 εἰς
364 848 408 918 τὸ
431 845 603 946 οἷκοᾷσᾳι,
622 843 774 942 βραδὺς
795 844 908 928 atavo
930 845 1098 934 λαλῆσαι,
1114 841 1266 942 βραδὺς

129 970 185 1053 εἰς
205 971 320 1068 ὀργήν
342 970 370 1067 (l
380 970 402 1068 ).
430 968 541 1066 Atque
555 967 600 1040 ita
613 967 733 1040 Christi
745 969 942 1065 Legatorum
957 966 989 1038 in
1002 966 1129 1039 Scholis
1144 967 1264 1053 edocti,

131 1117 151 1164 a
171 1091 380 1188 Scaligero
406 1093 551 1190 prolecto
570 1118 635 1165 non
656 1091 862 1180 dissentiunt,
877 1093 993 1163 nescire
1009 1090 1088 1162 velle
1100 1091 1264 1178 monenti,

127 1199 394 1312 quooMopister
420 1216 553 1312 optimas
578 1202 685 1286 docdr'c
708 1239 771 1285 noo
785 1205 878 1301 cult,
901 1212 1032 1285 >erudito
1051 1205 1098 1283 ¹ost
1127 1213 1263 1285 inscitia.

128 1335 333 1433 Non'ma'gis
358 1347 468 1409 vetera
498 1356 579 1436 prae
605 1334 714 1422 novis,
740 1330 846 1435 'quam
878 1360 963 1410 nova
991 1359 1071 1432 prae
1097 1335 1273 1421 veteribus·

40 1503 46 1508 -
131 1447 279 1540 admirati
296 1447 636 1559 atqua-appetentes,
650 1484 711 1532 noo
735 1459 878 1556 puerulos
896 1460 962 1531 coti
974 1461 1131 1556 temporis
1148 1459 1266 1531 laodo-

126 1597 212 1654 tores
237 1598 318 1656 sese
339 1567 512 1681 praebent,
546 1604 608 1655 neo
635 1580 775 1680 cupidos
800 1581 1027 1678 hujusoediei
1051 1573 1265 1657 decretorum

89 1801 96 1811 η
131 1694 288 1802 ancupes.
339 1695 585 1801 Philosophiam,
608 1708 703 1802 cujus
728 1696 802 1778 luce
825 1697 946 1776 nullam
971 1704 1160 1802 discipliuae
1184 1697 1265 1778 suae

25 1898 27 1902 Α
131 1840 258 1947 partem
287 1816 399 1900 carere
423 1851 521 1926 posse
545 1825 669 1915 vident,
701 1827 864 1901 assiduam
895 1827 1080 1901 studiorum
1111 1828 1264 1901 comitem

132 1963 322 2040 assumunt}
338 1969 400 2024 nec
418 1951 516 2024 ullius
535 1963 653 2038 tamen,
668 1952 764 2047 cujus
776 1949 864 2023 nunc
884 1951 968 2025 torte
982 1974 1099 2024 nomen
1117 1952 1264 2022 omnium

133 2075 171 2146 in'
194 2096 251 2147 ore
279 2075 430 2164 habiret,
447 2074 636 2172 Philosophi
662 2075 826 2173 opinatam
851 2073 1042 2172 sapientiam
1067 2073 1265 2171 Theologiae

132 2181 305 2288 dominari,
328 2185 526 2296 Dogmatum
551 2197 821 2296 disceptatricem,
846 2188 1121 2293 interpretationis
1145 2199 1265 2269 Sacra*

132 2332 205 2395 rum
230 2306 426 2396 Litterarum
447 2320 649 2419 magistram,
671 2321 832 2394 Historiae
853 2318 1103 2391 Ecclesiasticae
1118 2319 1263 2416 judicem

133 2454 325 2542 agnoscunt
339 2469 379 2518 ac
400 2436 629 2517 venerantur.'
660 2445 766 2528 Quam
798 2441 977 2514 doctrinam
1004 2440 1263 2517 Christianorum

131 2567 294 2656 Societa's,
318 2552 377 2639 cui
393 2578 397 2614 ³
411 2578 540 2662 sponte·
559 2569 619 2638 sud
648 2586 766 2636 nomeu
791 2558 973 2652 dederunt,
1004 2565 1265 2662 fidoill'ormolis
1299 2614 1301 2617 v

131 2687 385 2785 consignandam
416 2688 543 2761 curavit
567 2713 606 2760 ac
632 2687 865 2785 profitendam,
896 2714 965 2760 earn
992 2689 1177 2760 summatim
1200 2690 1264 2762 sihi

131 2809 331 2910 sequendam
356 2810 484 2883 ducunt
507 2835 545 2880 ac
563 2809 751 2882 liberaliter
781 2810 946 2884 tuendam.
998 2813 1068 2883 Nec
1094 2825 1263 2899 tamen,',a

131 2933 349 3032 Symboloram
361 2933 494 3015 ratione
510 2931 637 3004 dicendi
654 2946 687 3005 et
700 2932 932 3039 interpretandi
946 2947 978 3011 et
995 2935 1261 3028 argumentandi,

131 3057 237 3131 sicubi
258 3083 342 3154 opus
360 3069 425 3142 est,
440 3046 592 3130 recedere
612 3058 703 3132 netas
722 3056 847 3130 ducunt
864 3071 922 3129 aut
942 3058 1117 3156 piaculum.
1130 3076 1133 3079 ’
1145 3061 1263 3157 Neque

131 3178 217 3250 euim
238 3177 304 3251 ulla
326 3177 467 3250 certiore
489 3177 615 3250 ratione
633 3179 886 3251 Protcstootisrai
902 3181 1074 3278 puritatem
1099 3181 1263 3280 inquinari

130 3312 292 3373 noverunt
327 3300 550 3400 honoremque
581 3301 725 3400 infringi,
758 3303 856 3402 quam
882 3305 929 3392 si,
949 3304 1084 3376 >Divinis
1119 3306 1264 3378 humana

130 3411 356 3523 aequiparans,
370 3448 454 3522 quae
472 3424 570 3496 unius
587 3423 706 3497 Christi
716 3402 845 3498 Domini
863 3438 926 3515 est,
941 3427 1166 3500 auctoritatem
1185 3445 1263 3512 cunt

130 3548 331 3638 mortalium,
359 3547 508 3646 quamvis
528 3560 715 3620 sanctorum
738 3574 777 3622 ac
804 3533 1019 3647 sapientium,
1044 3551 1174 3650 scriptis
1199 3550 1261 3625 de·
1316 3551 1318 3554 ⁴

129 3666 618 3766 oretisqueoommuuicareris.

141 3918 143 3922 ‘
176 3910 229 3983 Sic
249 3910 347 4009 igitur
371 3911 443 3984 illos
467 3912 587 3986 sentire
611 3916 762 3989 novimus
786 3917 987 4017 Theologos,
1012 3920 1068 4018 qui
1076 3976 1085 4007 ,
1111 3922 1143 3992 in
1167 3923 1261 3994 acer-

126 4037 211 4107 rimo
231 4034 464 4108 sententiarum
486 4035 642 4128 divortio,
664 4055 848 4112 neutrorum
870 4030 1012 4141 partium
1032 4069 1101 4116 esse
1120 4045 1257 4133 malunt,

115 4169 225 4257 'quarn
241 4157 292 4232 rel
312 4157 345 4237 in
372 4159 423 4231 his
439 4160 491 4234 vel
515 4161 547 4233 in
574 4162 635 4234 illis
657 4163 818 4262 stipendia
838 4165 945 4240 lacere
967 4167 1082 4240 castris
1102 4167 1257 4242 adversis.

124 4317 277 4327 m

163 4410 207 4481 (l)
227 4413 284 4464 Jac.
306 4411 337 4466 I:
362 4419 406 4466 19.
