2782 4958
538 357 577 402 ns
599 355 796 401 nortannsro.
1192 335 1230 399 8l

140 525 206 601 Sed
229 526 337 599 neseio
362 552 402 597 an
427 525 521 598 Viro
546 526 748 624 potissimum
777 524 855 595 nibil
880 525 983 621 majus
1001 523 1113 596 allevat
1130 523 1230 598 decus

109 653 319 750 majoremque
343 650 512 736 bonorem,
539 674 635 748 quam
670 649 795 747 placida
821 648 873 720 illa
910 674 948 720 ae
978 647 1089 720 sedata
1115 650 1231 722 mentis

112 773 329 860 conformatio,
359 773 443 871 qud,
478 771 565 844 nulla
600 773 803 845 fortunarum
837 770 1052 843 humanarum
1090 771 1159 844 vice
1193 798 1232 844 ac

111 896 352 969 commutatione
379 896 602 969 vehementius
628 896 660 967 in
698 895 854 967 utramvis
880 909 1003 991 partem
1035 895 1230 967 commoveri

106 1043 137 1091 se
163 1045 277 1117 passus
294 1046 332 1092 ac
351 1020 475 1116 jactari,
497 1019 585 1118 quod
605 1018 708 1090 Dollio
728 1044 788 1090 suo
810 1019 963 1090 Horatios
988 1017 1179 1115 praecepit(
1206 1018 1230 1113 l,

106 1142 162 1214 sibi
184 1143 215 1214 id
237 1142 359 1215 dictum
384 1143 503 1239 cogitet
524 1142 652 1241 sibique
682 1143 832 1214 universal
861 1141 892 1212 in
920 1140 986 1212 vito
1011 1139 1228 1240 sequendum:

296 1266 464 1362 »Aequom
487 1279 636 1336 memento
658 1264 747 1335 rebus
776 1266 810 1334 in
835 1263 945 1335 arduis

295 1391 459 1462 »Servare
481 1401 626 1477 merrtem,
655 1414 715 1459 oon
743 1413 828 1459 secus
854 1386 996 1458 inbonis
1096 1439 1099 1445 ·

347 1511 420 1584 noll>
441 1510 586 1582 incolenti
611 1524 813 1607 temperatam

395 1633 593 1706 »Lacttlt'ds'

152 1756 248 1842 Quod
286 1757 313 1827 si
342 1782 418 1828 vere
444 1757 568 1829 monuit
599 1754 920 1840 Flaccusfnominis
946 1755 1070 1828 honore
1099 1755 1232 1852 dignum

105 1875 203 1954 fuisse
227 1883 344 1967 Virum,
372 1907 469 1979 quem
492 1881 664 1964 deflemus,
687 1877 850 1973 Collegam
873 1877 1046 1949 affirmanti
1073 1877 1150 1948 mibi
1169 1902 1233 1949 non
1323 1859 1325 1863 ⁷

105 2003 287 2076 eonsentire
312 2029 376 2075 non
400 2002 528 2100 poteris.
583 2003 730 2099 Utrdque
755 2001 839 2072 enirn
864 2001 992 2072 loctunt
1011 2014 1235 2074 tentatussae-

105 2125 177 2218 pius
206 2150 245 2197 ac
270 2139 468 2209 commotus,
491 2150 554 2196 non
576 2126 716 2196 Sto'r'cam
739 2123 870 2222 quidem
891 2148 968 2222 prae
992 2148 1027 2195 se
1048 2122 1120 2195 tulit
1140 2123 1234 2196 cind-

105 2253 228 2335 θειαν,
250 2246 309 2319 sed
334 2245 455 2319 homini
480 2247 664 2320 Christiano
687 2247 781 2318 unice
804 2247 952 2319 decoram
977 2246 1071 2318 nobis
1100 2246 1236 2344 praeivit

105 2371 202 2442 animi
227 2370 498 2468 aequabilitatem.
551 2372 702 2455 Etenim,
734 2370 775 2442 ad
806 2369 921 2467 prioris
950 2369 1061 2440 uxoris
1082 2367 1233 2440 morbum

105 2517 211 2593 usque
240 2493 368 2566 latalem
395 2518 433 2565 ac
466 2508 602 2565 mortem
629 2493 832 2576 luctuosam,
862 2506 926 2563 tam
962 2495 1119 2590 prospera
1156 2517 1235 2563 usus

105 2632 153 2691 est
185 2619 269 2690 vitae
295 2632 398 2705 sorte,
428 2630 494 2690 tam
515 2618 645 2716 copiose
665 2617 875 2691 affluentibus
898 2619 978 2690 varii
1001 2621 1128 2715 generis
1141 2619 1235 2691 bonis

105 2742 257 2829 externis,
279 2767 376 2840 quam
406 2742 608 2838 paucissimis
625 2743 813 2840 contingere
838 2743 922 2815 solet
949 2742 1147 2814 mortalibus.
1174 2742 1234 2830 Ae,

105 2866 317 2966 sequentibus
336 2866 466 2965 quidem
491 2867 605 2939 aetatis
622 2868 726 2952 annis,
749 2867 889 2939 subinde
912 2866 1058 2938 nubibus
1080 2865 1235 2937 obscura-

105 3003 172 3062 tum
194 2989 311 3086 prioris
329 2988 550 3086 prosperitatis
570 2989 670 3061 solem
695 2988 771 3060 vidit
793 3015 831 3061 ac
852 2988 1071 3060 calamitatum
1095 2988 1237 3060 tenebris

105 3111 308 3185 olluscatum.
361 3110 425 3184 Sed
451 3112 656 3184 nuncetiam
684 3112 834 3183 universe
859 3127 922 3184 tam
946 3109 1141 3196 honorifico,
1172 3126 1235 3182 tarn

105 3235 208 3325 laeto,
236 3234 334 3306 tantis
365 3234 589 3307 Providentiae
616 3233 743 3306 divinae
768 3234 863 3306 bonis
888 3233 1054 3306 cumulato
1082 3259 1161 3306 usus
1188 3247 1238 3304 est

107 3357 212 3430 stadio
237 3358 400 3445 terrestri,
427 3372 462 3428 ut
481 3357 576 3428 amici
600 3356 798 3429 laetarentur
821 3383 859 3429 ac
881 3359 1071 3447 necessarii,
1097 3357 1238 3430 aemula-

108 3494 241 3565 rentur,
258 3480 284 3550 si
307 3479 363 3578 qui
387 3492 497 3564 erant,
521 3476 619 3549 invidi
637 3492 736 3576 atque
757 3482 1001 3554 obtrectatores.
1040 3482 1109 3554 Nec
1130 3494 1236 3553 tamen

106 3601 267 3687 insolenti,
290 3626 386 3699 quarn
419 3600 557 3672 vocabat
580 3601 750 3689 Horatios,
781 3602 903 3676 loetitid
932 3629 1130 3703 quemquam
1162 3628 1236 3676 euru

107 3725 226 3797 elatum
256 3723 374 3796 vidisse
399 3723 601 3796 confidimus.
654 3724 781 3795 Nemini
807 3724 890 3796 enim
917 3751 952 3797 se
975 3724 1139 3823 praeferre
1161 3750 1238 3797 oon·

108 3862 278 3934 sueverat;
303 3847 438 3919 aliorum
468 3871 574 3919 mores
602 3846 695 3918 laeile
722 3846 805 3918 lerre
831 3870 869 3918 ac
895 3831 1069 3944 patientem
1098 3871 1158 3919 neo
1179 3871 1239 3918 sua

108 3994 253 4070 unquam
281 3969 394 4068 pulcre
423 3971 525 4057 laeta,
553 3970 673 4067 scripta
700 3969 928 4069 honorumque
955 3985 1161 4058 ornamenta,
1189 3967 1240 4041 vel

110 4093 215 4165 civilia
235 4093 288 4165 illa
312 4093 360 4166 vel
379 4093 530 4180 litterata,
547 4093 655 4193 qualia
673 4093 833 4191 permulta
854 4093 1048 4190 obtigerant,
1071 4092 1240 4166 ambitiose

110 4271 268 4285 w

142 4391 191 4461 (1)
213 4389 362 4444 Caranicum
381 4390 414 4445 L.
437 4389 469 4444 11
489 4389 545 4444 Od.
568 4396 583 4444 3
603 4389 694 4460 initio,
715 4390 761 4448 ubi
781 4409 832 4464 pro
852 4388 967 4464 vulgato
989 4386 1066 4443 Delio
1082 4392 1157 4442 reete
1177 4385 1240 4441 Del·

113 4492 166 4545 ium
185 4490 278 4563 legere
298 4490 408 4546 videtur
431 4489 668 4562 Doeringius.

1078 4590 1097 4650 6
