2782 4958
555 360 595 402 nu
617 361 813 405 aounnansro.
1207 346 1248 408 5tt

160 527 217 617 ld,
246 526 287 599 de
312 549 378 624 quo
406 523 552 623 proxime
577 524 731 615 diximus,
749 527 843 624 Opus
867 527 1249 625 Rluuo-Trajectr‘uurum

115 651 275 749 imprimis
299 650 558 746 Episcoporum,
577 674 717 747 quorum
745 650 795 722 vel
823 675 915 723 sacro
934 651 1068 749 imperio
1088 652 1138 724 vel
1165 652 1250 724 civili

114 773 257 846 maxima
277 771 412 844 suberat
428 796 503 869 pars
521 769 773 862 Nederlandiae,
793 799 845 846 res
865 773 1048 870 explicabat
1070 798 1251 872 eorumque

115 897 230 970 ultima
268 895 364 968 etiam
396 895 461 967 lata
501 895 702 967 memorabat
729 909 896 994 atque-ea
933 907 1093 993 tempora,
1127 895 1249 994 quibus

116 1021 321 1107 factumest,
342 1031 394 1107 ut,
414 1017 638 1090 illuscescente
656 1018 721 1114 jam
748 1021 833 1090 ncvd
852 1017 1020 1090 Ecclesiae
1040 1023 1133 1103 aera,
1153 1043 1251 1116 quam

119 1143 229 1216 adbuc
256 1155 425 1239 utcunque
453 1139 524 1212 tuiti
548 1152 657 1228 erant,
676 1144 715 1212 ed
743 1141 837 1238 plane
856 1141 1062 1239 privarentur
1085 1141 1250 1238 dignitate.

117 1266 198 1338 Late
223 1264 363 1362 patentis
389 1273 498 1334 autem
523 1261 623 1358 bujus
654 1285 693 1333 ac
721 1260 941 1334 nobilissimae
964 1262 1158 1335 Dineceseos
1180 1289 1252 1335 me-

119 1387 281 1460 ditullium
315 1385 415 1458 luisse
440 1384 589 1456 novimus
611 1407 649 1455 ac
672 1384 865 1481 metropolin
893 1383 1008 1456 urbem
1034 1384 1251 1457 Rheno-Tra-

116 1510 276 1607 jectr'nam.
311 1506 499 1578 Proximum
520 1505 619 1602 igitur
637 1504 700 1578 hoc
717 1507 778 1578 sibi
796 1507 986 1580 incumbere
1009 1533 1145 1605 pensum
1162 1521 1252 1580 ratus

121 1646 168 1706 est
195 1631 347 1728 Collega,
374 1644 411 1703 ut
436 1630 489 1702 illd
513 1627 583 1726 ipse
610 1628 642 1700 in
664 1628 794 1701 civitate
819 1629 1001 1729 quomodo,
1021 1630 1132 1703 seculo
1157 1632 1252 1716 XVI,

119 1754 287 1854 paullatim
323 1755 501 1825 instaurata
536 1764 643 1824 essent
677 1754 790 1840 Sacra,
825 1752 982 1850 penitius,
1009 1778 1107 1850 quam
1143 1752 1253 1825 adbuc

117 1877 243 1950 lactum
269 1889 359 1962 erat,
384 1876 564 1974 inquireret
593 1899 631 1947 ac
656 1874 809 1947 disertius
841 1875 1035 1973 pleniusque
1064 1874 1252 1947 declararet.

117 2003 173 2074 Ex
188 2025 256 2098 quo
276 1999 361 2071 illius
378 2023 476 2070 sensu
495 2023 533 2070 ac
548 1998 670 2095 judicio
695 1997 913 2096 pulcherrima
939 1996 1060 2069 exstitit
1085 1974 1252 2085 Narratio,

117 2148 220 2223 quam
243 2123 384 2220 primum
408 2123 440 2194 in
458 2121 594 2194 Arabico
610 2121 826 2219 particulatim
848 2120 1010 2220 reposuit,
1035 2119 1252 2218 postmodum,

118 2245 152 2317 in
176 2269 277 2316 unum
300 2255 412 2316 coacta
434 2244 592 2331 Tamum,
614 2243 676 2315 bac
698 2243 856 2316 edendam
879 2248 1006 2320 curavit
1026 2247 1252 2345 inscriptione:

118 2369 375 2440 Instauratorum
400 2365 711 2461 Rheno-Trojectr'ual
735 2366 770 2437 r'u
798 2368 923 2440 ciuitate
945 2369 1116 2442 Sacrorum
1142 2369 1254 2440 Histo-

119 2492 182 2563 ria.
235 2489 361 2563 Accedit
386 2488 424 2560 de
454 2503 520 2560 orto
550 2487 664 2560 ibidem
686 2488 940 2584 Reformatorem
962 2491 1056 2563 Gaetu
1083 2490 1256 2565 Wallom'co

119 2613 273 2711 Symbola
301 2613 362 2712 (t).
413 2613 478 2684 Diu
509 2613 575 2707 jam
602 2623 689 2698 erat,
716 2636 756 2684 ex
790 2636 855 2710 qao
882 2613 984 2686 multa
1017 2613 1168 2710 colligere
1194 2612 1256 2710 ipsi

121 2737 313 2834 contigerat,
333 2760 430 2807 mauu
450 2734 606 2831 imprimis
624 2733 755 2832 scripta,
770 2736 991 2826 lllouumenta,
1011 2762 1095 2836 quae
1117 2737 1256 2809 laustam

122 2859 209 2932 illam
238 2858 445 2932 illustrabant
473 2857 573 2929 natali
603 2859 663 2929 sud
691 2843 724 2929 in
755 2857 837 2930 urbe
866 2869 1002 2958 ejusque
1029 2861 1119 2958 Agro
1147 2886 1255 2933 rerum

122 2982 377 3056 conversionem.
428 2982 539 3079 Atque
560 2980 684 3079 aliquot
703 2994 777 3052 ante
800 3005 903 3053 annos
923 2983 1042 3055 multas
1063 3008 1138 3056 eum
1161 2983 1257 3056 boras

124 3105 207 3178 illius
236 3105 269 3176 in
295 3103 386 3177 curib
410 3101 603 3176 commorari
629 3102 760 3174 solitum
787 3126 876 3188 esse,
903 3119 1055 3177 narrante
1082 3105 1166 3202 ipso,
1193 3131 1256 3177 no-

123 3229 241 3318 vimus,
269 3242 306 3301 ut
333 3255 372 3301 ex
396 3227 546 3326 publicis,
574 3251 659 3325 quae
677 3226 721 3297 ibi
740 3225 887 3324 deposita
915 3239 1027 3311 erant,
1054 3227 1202 3299 Arabicis
1216 3252 1255 3299 ee

124 3348 170 3424 bis
191 3351 232 3425 de
256 3352 355 3424 rebus
380 3365 413 3423 et
438 3350 626 3423 rescisceret
648 3362 680 3421 et
703 3348 874 3446 diligenter
897 3362 1100 3446 excerperet,
1131 3347 1253 3446 quibus

125 3497 208 3572 quae
235 3500 276 3546 ex
300 3475 368 3547 suis
393 3475 459 3570 jam
491 3473 645 3546 hauserat
668 3471 889 3546 Monumentis
915 3469 1100 3544 confirmari
1125 3484 1257 3568 possent

132 3675 296 3686 ι-,α--α

156 3800 206 3870 (1)
227 3797 328 3852 Exstat
348 3797 400 3851 hoc
417 3795 548 3851 Historiae
561 3796 707 3851 Periculum
728 3795 781 3866 (sic
801 3795 874 3850 enim
893 3794 974 3849 nimis
992 3795 1109 3849 sortasse
1130 3793 1256 3848 modesto

116 3897 203 3954 titulo
224 3897 317 3968 priore
338 3896 495 3967 appellatur
514 3895 651 3964 editione)
674 3894 753 3948 Arcla.
770 3894 877 3948 Nederl.
898 3894 966 3949 Vol.
987 3894 1023 3949 V.
1045 3913 1074 3965 p.
1097 3898 1256 3959 eeu-457,

116 3991 185 4054 vot.
205 3996 258 4052 VI.
280 4015 309 4068 p.
331 4001 488 4062 lta-288,
507 3994 574 4049 Vol.
595 3993 664 4048 VII.
684 4013 713 4065 p.
733 3999 896 4061 too-2923
919 3993 1051 4048 continuo
1071 3992 1206 4063 subjectu,
1227 4010 1256 4063 p.

112 4099 174 4155 293
197 4113 270 4168 sqq,
291 4095 412 4164 Symbola
433 4097 463 4149 de
485 4093 561 4148 Gaetu
585 4093 695 4148 Wollou.
717 4110 801 4163 supra
819 4110 935 4147 memor.
969 4092 1100 4147 Seorsum
1119 4091 1195 4145 edite
1214 4090 1256 4144 di-

108 4199 194 4254 eitur
207 4195 362 4251 Narratio:
379 4193 554 4248 Gescta'edem's
569 4195 613 4246 der
627 4192 796 4261 Heruurmiup
816 4193 843 4245 e'u
859 4194 889 4246 ule
907 4191 973 4246 Stant
986 4191 1086 4245 Utreclrt
1098 4197 1152 4244 etc.
1175 4188 1206 4242 L.
1221 4189 1256 4242 B.

111 4303 208 4354 184⁷.
248 4294 314 4364 Ubi,
336 4311 391 4348 una
410 4311 470 4349 cum
491 4291 632 4364 Symbola,
647 4310 696 4363 pp.
711 4291 809 4363 implet
828 4297 882 4346 346
903 4291 924 4344 t.
947 4296 963 4345 8
984 4289 1048 4360 maj.
1067 4320 1102 4330 -
1122 4286 1201 4352 Quae
1223 4287 1257 4340 de

109 4392 186 4453 libri
205 4394 437 4450 commentatione
456 4391 516 4447 dixi
536 4409 568 4446 ac
582 4389 701 4459 ratione,
712 4407 746 4446 ea
760 4389 861 4463 partim
878 4389 991 4447 Kistii
1010 4406 1045 4446 ux
1061 4386 1184 4456 monitis,
1196 4403 1258 4458 par·

106 4497 168 4552 tim
191 4494 277 4569 ipsius
297 4493 426 4551 Auctoris
446 4511 482 4550 ox
502 4492 582 4548 dietis
603 4492 701 4547 hausta
722 4499 796 4547 sunt.
