2782 4958
613 378 790 422 rnnonoors.
1209 359 1270 420 127

97 564 212 611 curn
235 545 374 610 Historid
394 545 534 610 Naturali
558 546 722 629 conjuncta
748 543 881 607 videbat.
930 541 1054 606 Nullam
1078 543 1136 607 niai
1160 549 1276 628 tempo·

91 660 184 724 ris
205 661 364 724 honestam
388 661 505 724 ducens
525 661 700 739 avaritiam,
733 661 869 743 quamvis
896 657 1000 723 multis
1022 657 1184 722 distractus
1206 679 1274 723 mn·

87 762 549 858 uenum,oocnpationibus,
581 773 727 858 plurimos
756 774 789 836 in
820 773 904 837 vario
934 772 1138 837 doctrinarum
1165 794 1278 858 Quare

84 882 239 953 libros
257 887 381 973 legendi
403 889 500 952 otium
524 886 583 951 sibi
614 887 777 972 quaerebat
803 892 892 972 atque
914 888 1169 972 opportunitatem
1192 887 1277 952 inre·

82 999 254 1066 aiebat.
289 1001 418 1074 Verum,
443 1001 470 1064 si
493 1000 589 1067 multa
610 1000 738 1065 aliorum
757 1002 866 1085 scripta
884 1000 1020 1087 legebat,
1044 1001 1278 1086 quamplurima

81 1131 263 1203 quoqne
286 1119 505 1181 commentatus
527 1118 574 1179 cst
596 1114 753 1199 ediditque
776 1116 856 1199 ipse,
878 1116 1073 1201 dogmatica,
1109 1116 1276 1200 exegetica,

81 1223 306 1305 historica,
335 1229 484 1314 practica,
518 1227 676 1312 polemica.
725 1227 863 1300 Quorum
895 1230 1081 1293 enumeratio
1122 1227 1229 1304 Vitae,
1262 1250 1279 1292 a

81 1336 206 1408 filio
238 1342 356 1422 editae,
390 1347 460 1406 octo
482 1343 544 1407 fere
566 1342 693 1426 paginas
721 1341 828 1427 implet
851 1344 911 1424 (1).
936 1379 981 1391 -
1003 1341 1147 1426 Magnam
1178 1349 1279 1407 autem

82 1457 392 1535 eonversioaem,
425 1459 496 1519 ante
526 1454 674 1538 plurimos
698 1456 762 1538 jam
793 1453 848 1517 hos
876 1476 988 1535 annos,
1021 1455 1089 1519 Viri
1112 1456 1280 1522 doctissimi

81 1559 312 1656 Theologia
325 1569 477 1654 suscepit:
503 1569 594 1653 idque
610 1570 712 1633 minus
727 1571 873 1633 consueta
888 1590 958 1632 sane
976 1570 1092 1633 ratione
1108 1591 1143 1634 ac
1160 1591 1278 1656 gressu.

81 1668 254 1750 Plures
283 1685 383 1760 enim,
414 1685 467 1770 qui
506 1684 631 1749 ineunte
662 1684 832 1748 studiorum
873 1705 965 1749 cursu
1002 1683 1195 1750 liberioribus
1225 1708 1281 1751 an·

82 1797 394 1874 numerabantur,
420 1796 547 1881 hujusce
569 1796 664 1862 seculi
686 1797 847 1882 'theologi
877 1802 980 1882 postea
1010 1799 1116 1884 pedem
1143 1799 1283 1864 retulisse

85 1899 431 1998 deprehenduntur,
452 1933 486 1975 ac
508 1913 633 1997 propius
656 1913 691 1976 ad
716 1914 887 1979 communia
909 1911 1156 1980 Christianorum
1170 1912 1282 1999 placita

88 2028 298 2100 Probanda
329 2032 444 2091 mentes
479 2026 639 2112 appulisse.
695 2028 885 2092 Contrarium
914 2047 986 2092 vero
1014 2028 1094 2093 riam
1124 2028 1281 2112 ingressus

95 2123 522 2218 Eretsohnsiderns,
546 2140 600 2205 nbi
623 2143 754 2226 primum
777 2142 929 2225 Ecclesiae
952 2141 1141 2206 Lutheranae
1166 2163 1201 2206 ac
1218 2141 1281 2206 Re·

99 2245 295 2322 formatae
317 2238 519 2340 Dogmaticen
543 2254 720 2339 exponebat,
744 2257 776 2320 in
800 2257 973 2323 selmona
990 2255 1168 2320 censebatur
1183 2255 1283 2320 'Pheo-

51 2436 54 2443 ,
99 2354 242 2456 logis,
266 2377 348 2433 certe
370 2368 409 2433 ab
432 2369 471 2432 iis
493 2391 555 2432 non
578 2370 621 2432 ita
643 2370 733 2454 louge
764 2370 902 2437 diversus
924 2369 1006 2433 abire
1028 2369 1190 2454 putabatur
1212 2369 1277 2454 (2).

105 2477 305 2556 Quantum
328 2504 400 2548 vero
423 2483 559 2547 diversus
580 2481 618 2546 ab
640 2483 711 2562 illo,
738 2484 769 2547 id
793 2489 840 2546 est
862 2506 879 2547 a
902 2505 935 2548 se
956 2485 1041 2569 ipso,
1065 2506 1124 2569 quo
1147 2489 1281 2570 tempore

104 2591 344 2676 Rimmon,
375 2618 464 2681 quem
495 2599 702 2684 cucnpalicana
725 2604 831 2678 vocat,
859 2600 903 2663 sic
926 2598 1094 2665 describere
1116 2622 1177 2664 non
1199 2622 1281 2666 vere·

22 2728 26 2739 ’
107 2702 256 2796 batur,
288 2713 373 2796 quasi
402 2711 577 2777 stoliditatis
607 2717 696 2796 atque
719 2713 853 2776 insaniae
875 2713 970 2777 socias
992 2712 1115 2778 haberet
1137 2715 1281 2799 gravissi·

116 2907 289 2924 x--ffl

178 3048 223 3114 (l)
241 3045 304 3099 vid
320 3047 401 3099 libera
418 3045 474 3099 Aac
491 3047 585 3099 adnm
602 3046 690 3100 Letcn.
726 3046 941 3115 Sdbstdioprcpbis
964 3066 1008 3101 von
1033 3052 1111 3103 Karl
1135 3051 1282 3105 Gottlieb

112 3130 415 3192 Eretschncider.
451 3137 526 3190 Nacl
550 3139 634 3191 dassen
655 3138 719 3191 Tude
740 3157 786 3192 aar
803 3140 965 3207 Herwspcte
982 3143 1106 3194 bearteitst
1121 3161 1164 3195 von
1182 3147 1285 3198 Horst

118 3226 318 3285 Bretsohn.
337 3232 367 3282 II
381 3231 557 3297 Liefimnpem
584 3229 673 3293 Gutta,
694 3238 774 3290 18513
799 3249 841 3299 pp.
860 3237 918 3284 ³12.
953 3235 1004 3285 Ubi
1020 3245 1161 3286 memorata
1177 3253 1282 3302 operum

122 3327 266 3376 tecansio
283 3332 367 3376 exstat
383 3342 410 3391 p.
432 3331 579 3382 lae-2043
597 3351 629 3362 -
643 3312 737 3391 puginb
754 3334 840 3377 autem
853 3332 988 3377 rra-312
1000 3328 1140 3391 permultae
1158 3329 1282 3392 repositae

127 3426 210 3470 sunt
227 3415 356 3483 sputum,
375 3434 438 3483 quas
454 3423 486 3470 ad
501 3420 672 3470 Bretschn.
696 3419 885 3470 celebratissimi
902 3421 996 3483 quique
1015 3420 1134 3469 dederant
1152 3417 1228 3480 Viri,
1250 3435 1283 3470 ne

124 3513 178 3561 (te
193 3511 353 3575 principibus
369 3512 451 3561 dicam
472 3511 607 3562 Matronis.
642 3511 740 3573 Quibus
762 3511 868 3574 adjectis
893 3513 1005 3576 epistolis
1022 3526 1073 3561 non
1092 3528 1182 3576 parum
1199 3512 1283 3577 operis

131 3603 261 3668 pretium
277 3605 367 3666 augeri
385 3604 493 3654 videtur.
528 3606 594 3656 Mihi
611 3612 679 3655 certe
697 3606 790 3669 volupe
807 3605 856 3654 fnit
873 3606 914 3655 hic
936 3606 1047 3669 proditas
1064 3605 1148 3668 legere
1165 3604 1284 3669 epistolas

137 3692 182 3745 1.
200 3693 240 3746 V.
256 3693 450 3745 Rcinhardii
467 3696 576 3756 multas,
596 3702 651 3746 tum
668 3695 875 3757 Humboldii,
899 3697 1094 3755 Eichstadii,
1112 3697 1207 3748 multas
1224 3697 1284 3748 item
1321 3751 1324 3754 Α

143 3784 338 3849 Bdttigeri,
355 3785 529 3848 Ammonii,
549 3802 597 3838 nec
614 3789 698 3839 nullas
717 3787 847 3850 Riihrii,
867 3789 995 3854 Principis
1013 3789 1207 3850 Solmensis‚
1224 3789 1286 3840 alio·

150 3895 218 3931 rum.
254 3878 305 3931 Sed
321 3895 367 3931 arm
383 3893 492 3944 queam
507 3878 584 3929 babit
598 3878 714 3944 comptas.

187 3972 225 4034 (2)
246 3969 282 4022 Δ.
303 3978 368 4024 18⁰5
389 3974 483 4023 librum
501 3974 596 4032 edidit.
620 3973 812 4037 Francogallicc
829 3975 904 4026 etiam
922 3988 1086 4025 conversumr
1104 3973 1204 4040 Sparata.
1222 3971 1287 4024 Eat·
1355 3960 1358 3965 ¹

154 4064 281 4131 mimam
296 4064 357 4116 adar
373 4065 454 4116 iader
470 4064 600 4130 Dopmctr‘lc
616 4064 804 4118 vorkcmmeaden
821 4065 1007 4132 Bcprrffi,aaclr
1024 4065 1068 4116 dea
1084 4064 1179 4132 symbol.
1190 4064 1288 4130 Schrif-

156 4157 251 4208 κιὼν
266 4173 302 4210 cv.
324 4158 379 4210 att.
398 4175 421 4209 s.
439 4159 537 4223 raptrrn.
560 4158 655 4210 Kircbc
671 4177 694 4212 a.
713 4175 734 4209 a.
752 4175 798 4223 w.,·
815 4181 850 4197 -
872 4174 896 4209 a.
919 4163 983 4208 1814
1011 4166 1036 4208 et
1057 4164 1121 4208 1818
1150 4172 1231 4223 opus,
1248 4159 1287 4208 bis

157 4249 345 4316 Francogsllice
359 4267 526 4304 conversum:
545 4252 682 4304 Hundtuct
700 4251 743 4302 dar
758 4250 888 4317 Dcpnotilc
904 4249 990 4301 derso.
1000 4249 1070 4301 Luat.
1084 4249 1176 4300 Kircle
1187 4265 1212 4301 a.
1223 4265 1246 4300 s.
1256 4265 1287 4300 rr.

159 4339 185 4392 11
200 4341 296 4395 Bardo.
320 4344 422 4399 Priscis
438 4349 522 4412 operis
540 4353 631 4413 quarta
647 4361 726 4411 caque
743 4345 834 4398 ultima
851 4345 889 4396 ed.
907 4345 1000 4410 prodiit
1017 4342 1086 4410 Lips.
1105 4347 1185 4400 18413
1202 4367 1233 4383 -
1251 4340 1289 4418 al·

161 4435 228 4487 aas·
245 4440 415 4502 quarta-item
431 4441 507 4492 editio
525 4437 595 4504 Lips.
620 4444 693 4489 1838.
