2782 4958
7 381 9 385 ,
129 311 171 377 74
235 364 238 369 .
616 324 773 370 ursaoauu

127 522 197 567 eum
220 463 293 564 ferri
314 501 516 561 antecessores
538 493 729 577 vituperandi
750 492 916 578 cupiditate
934 493 1087 579 nimisque
1103 493 1260 560 ambitioso

128 636 206 679 nova
236 616 288 677 aut
309 610 453 675 novitatis
483 613 565 676 certe
594 609 723 691 speciem
752 605 893 673 habentia
928 609 1123 695 depromendi
1146 609 1257 676 madio.

128 730 245 796 Verum
266 728 300 792 in
322 725 393 790 Viri
415 723 595 811 gravitatem
625 744 695 788 cum
723 722 872 807 ejusmodi
893 744 955 790 non
980 725 1141 790 conveniat
1163 726 1261 810 suspi-

127 844 188 924 cio,
212 842 341 907 nimium
362 842 494 924 praestat
515 855 644 922 arguare
667 836 840 903 dialecticae
863 835 1043 903 subtilitatis
1064 860 1101 905 ac
1122 839 1263 911 tenuissiff

126 979 194 1024 mae
215 957 374 1022 notionum
396 953 604 1020 distinctionis
626 972 772 1019 amorem.
818 952 909 1018 Hanc
931 953 1068 1037 quidem,
1093 973 1186 1038 quam
1207 973 1261 1020 su·

127 1094 181 1158 pra
203 1070 429 1156 adscripsimus,
453 1067 640 1133 locutionem
660 1066 752 1153 longe
772 1066 909 1154 plerique
930 1067 1151 1153 explicuerant:
1166 1091 1262 1135 nocem

125 1186 212 1254 corte
233 1196 416 1270 temperare,
439 1183 529 1248 modo
552 1181 650 1247 terrine
674 1181 773 1267 loqui,
792 1184 895 1262 modo,
921 1204 954 1249 re
976 1185 1020 1248 ite
1041 1184 1178 1259 serente,
1203 1186 1261 1250 dn.

125 1303 204 1367 rina.
230 1298 352 1372 Quibus
367 1318 439 1363 vero
455 1294 642 1382 reprehensis
657 1293 846 1378 meyerus,
863 1296 1037 1366 ἀλλάσσειν
1060 1305 1122 1382 τὴν
1134 1308 1259 1384 φωνήν,

126 1435 282 1500 nunquam
302 1413 476 1500 significare
497 1410 654 1476 contendit
677 1411 797 1478 canera
817 1410 911 1496 toqui.
933 1430 1051 1496 semper
1072 1411 1141 1477 alio
1164 1411 1258 1500 loqui.

127 1529 188 1594 aaa
210 1527 276 1594 nae
295 1527 321 1592 a
342 1526 432 1592 lons
454 1526 535 1602 areo,
561 1546 651 1611 quam
674 1525 1108 1609 quemammodum
1130 1548 1167 1592 aa
1181 1508 1262 1594 narr

128 1642 227 1709 suntt
267 1638 352 1714 Quid
373 1638 454 1725 quod
480 1639 560 1724 ipse:
595 1637 760 1715 »Antco‚''
793 1638 913 1723 inquit,
950 1640 1105 1706 ’serenus
1135 1641 1262 1708 diceret

128 1734 239 1844 »atque
261 1758 361 1821 amiur
380 1753 522 1820 Ponticas.
574 1751 641 1834 Quo
654 1752 743 1840 facto
769 1751 957 1820 Galatarum
979 1756 1013 1821 r'rr
1034 1755 1142 1822 odium
1161 1756 1262 1822 incur·

127 1881 246 1936 ecerat.
295 1870 410 1935 Iccirco
432 1889 512 1933 ncnc
533 1875 619 1951 optut
642 1875 688 1948 nt,
714 1867 930 1951 praecentus
949 1868 991 1934 its
1012 1886 1093 1947 unca,
1115 1868 1197 1949 alit,
1227 1871 1263 1936 r'd
1291 1953 1300 1958 -

129 1995 190 2052 »cst
219 1985 333 2051 leniore
359 2006 425 2050 cccc
450 1982 518 2049 cnm
542 1983 583 2048 iia
608 1981 738 2070 colloqui
764 1983 902 2069 poesit.'’
948 1983 1035 2050 Haeo
1052 1983 1258 2069 ,Meyerum

127 2099 215 2184 cujus
236 2099 334 2184 igitur
356 2097 460 2161 eodem
482 2096 561 2170 fere,
587 2113 649 2180 qno
671 2115 795 2172 eorum,
820 2114 896 2181 quos
918 2077 1018 2163 errare
1040 2097 1134 2180 dicit,
1166 2102 1261 2166 inter·

127 2213 256 2299 pretatic
278 2211 367 2278 redit.
413 2211 481 2276 Neo
511 2209 621 2275 desunt
648 2210 679 2274 iu
703 2210 743 2274 iis
761 2209 851 2294 ipsis,
880 2230 957 2296 quos
978 2213 1160 2280 nominatim
1190 2228 1261 2279 vera

128 2327 238 2394 vidisse
261 2331 365 2412 negat,
390 2327 442 2410 qni
467 2325 504 2393 ad
524 2323 722 2389 enarrandum
744 2324 861 2392 dictum
882 2326 990 2393 iisdem
1019 2346 1124 2414 prope,
1148 2327 1262 2413 quibus

126 2442 203 2528 ipse,
227 2438 328 2509 serbis
349 2439 399 2507 usi
421 2459 485 2503 esse
507 2437 777 2523 deprehendantur.
843 2418 846 2421 ¹

177 2772 252 2840 cat.
269 2773 312 2841 V.
335 2777 392 2843 14.
415 2775 454 2841 ‘0
478 2778 540 2861 γὰρ
562 2781 627 2852 πᾶς
652 2780 761 2859 νόμος.
791 2774 842 2839 Ita
865 2773 1058 2845 vehementer
1076 2773 1260 2860 adjectivum

127 2896 192 2968 πᾶς
215 2895 307 2974 urget
325 2889 497 2973 Interpres,
514 2894 562 2964 ut,
587 2887 693 2954 Paullo
716 2892 850 2969 auctore,
874 2896 978 2968 totum,
1001 2884 1068 2973 qud
1081 2888 1141 2954 late
1162 2893 1259 2974 patet,

127 3003 222 3088 lepem
251 3004 390 3069 Maecena
415 3002 499 3082 solo,
532 3003 614 3088 quod
645 3003 698 3069 hlc
727 3005 975 3087 commendatur,
1000 3014 1131 3071 acturae
1163 3004 1260 3071 scema

127 3119 257 3183 ornandi
273 3122 431 3203 praecepto
452 3117 602 3183 contineri
625 3119 799 3185 contendat.
847 3119 1046 3185 Postmodum
1074 3124 1176 3183 tamen
1198 3140 1259 3186 non

128 3231 249 3296 melodi
275 3231 415 3297 concedit
444 3230 549 3296 Deam
573 3233 704 3298 amandi
728 3239 932 3318 praeceptum.
981 3233 1052 3300 Hoc
1080 3232 1256 3309 siveram,

127 3346 279 3431 quomodo
299 3344 378 3415 ttae
400 3345 580 3431 capiendum
602 3347 644 3413 sit
666 3369 729 3411 non
751 3348 851 3413 rideo.

119 3784 121 3788 ’
171 3787 231 3853 Sed
252 3789 384 3856 inritum
407 3795 496 3877 atque
519 3791 619 3856 animo
641 3791 703 3883 lere
727 3791 892 3857 reluctante
909 3813 956 3858 me
972 3793 1079 3859 fecisse
1098 3795 1255 3881 profiteor,

89 3893 92 3897 ’
126 3902 208 3985 quod
242 3905 404 3970 nonnullos
433 3906 522 3971 attuli
554 3907 655 3987 locos,
690 3905 743 3971 ubi
778 3906 902 3971 humani
932 3909 1006 3991 quid
1036 3930 1158 3995 passum
1192 3933 1258 3976 esse

127 3998 325 4101 Meyeium,
352 4043 386 4085 ac
400 4022 603 4107 pulcherrimo
620 4043 719 4107 perse
734 4022 883 4087 subtiliter
905 4024 1122 4109 interpretandi
1137 4026 1255 4104 studio,

126 4150 187 4215 quo
209 4153 269 4198 nou
293 4133 447 4212 debuerat,
474 4135 630 4222 abreptum
654 4160 718 4203 esse
741 4138 954 4204 existimarem.
1002 4142 1104 4223 Atque
1127 4161 1163 4204 eo
1189 4145 1257 4204 tau-

126 4247 192 4309 tum
214 4248 340 4316 consilio
363 4272 410 4315 me
433 4250 507 4317 haec
529 4252 666 4338 attigisse
689 4251 749 4317 sibi
770 4253 968 4338 persuadeant
989 4255 1081 4320 velim
1110 4253 1255 4340 lectores,

40 4426 66 4432 ‚⁴
126 4358 162 4422 ut
183 4357 222 4448 ab
243 4363 346 4429 eximii
369 4364 439 4435 Viri
460 4367 565 4451 paucis
586 4367 687 4452 potius
711 4366 873 4450 erroribus,
899 4389 988 4452 quam
1012 4369 1118 4436 maltis
1135 4370 1257 4437 virtuti·
