<?xml version="1.0" encoding="UTF-8"?>
<!DOCTYPE html PUBLIC "-//W3C//DTD XHTML 1.0 Transitional//EN"
    "http://www.w3.org/TR/xhtml1/DTD/xhtml1-transitional.dtd">
<html xmlns="http://www.w3.org/1999/xhtml" xml:lang="en" lang="en">
 <head>
  <title>
</title>
<meta http-equiv="Content-Type" content="text/html;charset=utf-8" />
  <meta name='ocr-system' content='tesseract 3.04.00' />
  <meta name='ocr-capabilities' content='ocr_page ocr_carea ocr_par ocr_line ocrx_word'/>
</head>
<body>
  <div class='ocr_page' id='page_1' title='image "./chartaetheologi00boumgoog_0411.png"; bbox 0 0 2782 4958; ppageno 0'>
   <div class='ocr_carea' id='block_1_1' title="bbox 211 328 951 392">
    <p class='ocr_par' dir='ltr' id='par_1_1' title="bbox 211 328 951 392">
     <span class='ocr_line' id='line_1_1' title="bbox 211 328 951 392; baseline -0.011 0"><span class='ocrx_word' id='word_1_1' title='bbox 211 328 277 392; x_wconf 79' lang='lat'><strong>200</strong></span> <span class='ocrx_word' id='word_1_2' title='bbox 607 345 647 387; x_wconf 86' lang='lat' dir='ltr'><strong>na</strong></span> <span class='ocrx_word' id='word_1_3' title='bbox 669 343 768 387; x_wconf 81' lang='lat' dir='ltr'><strong>aaran</strong></span> <span class='ocrx_word' id='word_1_4' title='bbox 790 342 951 386; x_wconf 75' lang='lat' dir='ltr'><strong>amaneus</strong></span> 
     </span>
    </p>
   </div>
   <div class='ocr_carea' id='block_1_2' title="bbox 211 513 1335 1401">
    <p class='ocr_par' dir='ltr' id='par_1_2' title="bbox 211 513 1335 1401">
     <span class='ocr_line' id='line_1_2' title="bbox 211 513 1333 602; baseline -0.003 -21"><span class='ocrx_word' id='word_1_5' title='bbox 211 515 462 602; x_wconf 82' lang='lat' dir='ltr'><strong>praescriberetur</strong></span> <span class='ocrx_word' id='word_1_6' title='bbox 477 520 530 580; x_wconf 88' lang='lat' dir='ltr'><strong>aut</strong></span> <span class='ocrx_word' id='word_1_7' title='bbox 552 520 632 580; x_wconf 88' lang='lat' dir='ltr'><strong>certe</strong></span> <span class='ocrx_word' id='word_1_8' title='bbox 648 515 918 580; x_wconf 79' lang='lat' dir='ltr'><strong>commendaretur.</strong></span> <span class='ocrx_word' id='word_1_9' title='bbox 956 514 999 578; x_wconf 79' lang='lat' dir='ltr'><strong>ld</strong></span> <span class='ocrx_word' id='word_1_10' title='bbox 1014 513 1092 578; x_wconf 88' lang='lat' dir='ltr'><strong>hanc</strong></span> <span class='ocrx_word' id='word_1_11' title='bbox 1111 518 1214 578; x_wconf 90' lang='lat' dir='ltr'><strong>autem</strong></span> <span class='ocrx_word' id='word_1_12' title='bbox 1235 514 1333 578; x_wconf 87' lang='lat' dir='ltr'><strong>utrius·</strong></span> 
     </span>
     <span class='ocr_line' id='line_1_3' title="bbox 212 628 1334 716; baseline -0.003 -21"><span class='ocrx_word' id='word_1_13' title='bbox 212 653 271 716; x_wconf 90' lang='lat' dir='ltr'><strong>que</strong></span> <span class='ocrx_word' id='word_1_14' title='bbox 300 630 446 696; x_wconf 80' lang='lat' dir='ltr'><strong>formulae</strong></span> <span class='ocrx_word' id='word_1_15' title='bbox 477 636 618 694; x_wconf 91' lang='lat' dir='ltr'><strong>coetuum</strong></span> <span class='ocrx_word' id='word_1_16' title='bbox 650 630 896 714; x_wconf 83' lang='lat' dir='ltr'><strong>conjunctionem</strong></span> <span class='ocrx_word' id='word_1_17' title='bbox 924 633 955 693; x_wconf 89' lang='lat' dir='ltr'><strong>et</strong></span> <span class='ocrx_word' id='word_1_18' title='bbox 976 628 1209 713; x_wconf 80' lang='lat' dir='ltr'><strong>praeparandam</strong></span> <span class='ocrx_word' id='word_1_19' title='bbox 1231 635 1260 693; x_wconf 90' lang='lat' dir='ltr'><strong>et</strong></span> <span class='ocrx_word' id='word_1_20' title='bbox 1278 651 1334 692; x_wconf 86' lang='lat' dir='ltr'><strong>san-</strong></span> 
     </span>
     <span class='ocr_line' id='line_1_4' title="bbox 216 742 1335 827; baseline -0.004 -17"><span class='ocrx_word' id='word_1_21' title='bbox 216 745 354 814; x_wconf 80' lang='lat' dir='ltr'><strong>ciendam</strong></span> <span class='ocrx_word' id='word_1_22' title='bbox 383 750 415 810; x_wconf 85' lang='lat' dir='ltr'><strong>et</strong></span> <span class='ocrx_word' id='word_1_23' title='bbox 442 744 665 821; x_wconf 76' lang='lat' dir='ltr'><strong>stabiliendam,</strong></span> <span class='ocrx_word' id='word_1_24' title='bbox 689 749 778 827; x_wconf 87' lang='lat' dir='ltr'><strong>atque</strong></span> <span class='ocrx_word' id='word_1_25' title='bbox 807 743 843 807; x_wconf 87' lang='lat' dir='ltr'><strong>ad</strong></span> <span class='ocrx_word' id='word_1_26' title='bbox 871 745 1029 808; x_wconf 83' lang='lat' dir='ltr'><strong>Sacrorum</strong></span> <span class='ocrx_word' id='word_1_27' title='bbox 1059 743 1278 807; x_wconf 89' lang='lat' dir='ltr'><strong>ordinationem</strong></span> <span class='ocrx_word' id='word_1_28' title='bbox 1297 742 1335 806; x_wconf 90' lang='lat' dir='ltr'><strong>his</strong></span> 
     </span>
     <span class='ocr_line' id='line_1_5' title="bbox 215 857 1335 946; baseline 0 -22"><span class='ocrx_word' id='word_1_29' title='bbox 215 861 404 946; x_wconf 87' lang='lat' dir='ltr'><strong>potissimum</strong></span> <span class='ocrx_word' id='word_1_30' title='bbox 421 858 535 944; x_wconf 86' lang='lat' dir='ltr'><strong>regulis</strong></span> <span class='ocrx_word' id='word_1_31' title='bbox 550 858 807 943; x_wconf 75' lang='lat' dir='ltr'><strong>adstringendum,</strong></span> <span class='ocrx_word' id='word_1_32' title='bbox 822 857 938 922; x_wconf 85' lang='lat' dir='ltr'><strong>nullius</strong></span> <span class='ocrx_word' id='word_1_33' title='bbox 953 857 1001 924; x_wconf 86' lang='lat' dir='ltr'><strong>vel</strong></span> <span class='ocrx_word' id='word_1_34' title='bbox 1024 858 1171 944; x_wconf 84' lang='lat' dir='ltr'><strong>Theologi</strong></span> <span class='ocrx_word' id='word_1_35' title='bbox 1182 858 1231 924; x_wconf 90' lang='lat' dir='ltr'><strong>vel</strong></span> <span class='ocrx_word' id='word_1_36' title='bbox 1249 881 1335 925; x_wconf 84' lang='lat' dir='ltr'><strong>rerum</strong></span> 
     </span>
     <span class='ocr_line' id='line_1_6' title="bbox 219 971 1335 1058; baseline 0.001 -21"><span class='ocrx_word' id='word_1_37' title='bbox 219 973 356 1039; x_wconf 87' lang='lat' dir='ltr'><strong>civilium</strong></span> <span class='ocrx_word' id='word_1_38' title='bbox 379 973 555 1037; x_wconf 79' lang='lat' dir='ltr'><strong>Administri</strong></span> <span class='ocrx_word' id='word_1_39' title='bbox 576 977 695 1036; x_wconf 88' lang='lat' dir='ltr'><strong>tantum</strong></span> <span class='ocrx_word' id='word_1_40' title='bbox 725 971 811 1057; x_wconf 84' lang='lat' dir='ltr'><strong>apud¹</strong></span> <span class='ocrx_word' id='word_1_41' title='bbox 827 973 939 1057; x_wconf 80' lang='lat' dir='ltr'><strong>Regem</strong></span> <span class='ocrx_word' id='word_1_42' title='bbox 961 971 1090 1037; x_wconf 88' lang='lat' dir='ltr'><strong>valuisse</strong></span> <span class='ocrx_word' id='word_1_43' title='bbox 1113 972 1241 1037; x_wconf 90' lang='lat' dir='ltr'><strong>consilia</strong></span> <span class='ocrx_word' id='word_1_44' title='bbox 1259 980 1335 1058; x_wconf 90' lang='lat' dir='ltr'><strong>atque</strong></span> 
     </span>
     <span class='ocr_line' id='line_1_7' title="bbox 215 1084 1335 1170; baseline 0 -18"><span class='ocrx_word' id='word_1_45' title='bbox 215 1089 440 1164; x_wconf 84' lang='lat' dir='ltr'><strong>auctoritatem,</strong></span> <span class='ocrx_word' id='word_1_46' title='bbox 475 1092 623 1170; x_wconf 88' lang='lat' dir='ltr'><strong>quantum</strong></span> <span class='ocrx_word' id='word_1_47' title='bbox 656 1087 748 1150; x_wconf 88' lang='lat' dir='ltr'><strong>unius</strong></span> <span class='ocrx_word' id='word_1_48' title='bbox 779 1088 802 1150; x_wconf 85' lang='grc' dir='ltr'>Ε</span> <span class='ocrx_word' id='word_1_49' title='bbox 809 1084 975 1170; x_wconf 86' lang='lat' dir='ltr'><strong>ylertii,</strong></span> <span class='ocrx_word' id='word_1_50' title='bbox 1004 1107 1100 1170; x_wconf 91' lang='lat' dir='ltr'><strong>quum</strong></span> <span class='ocrx_word' id='word_1_51' title='bbox 1123 1086 1248 1151; x_wconf 88' lang='lat' dir='ltr'><strong>aliunde</strong></span> <span class='ocrx_word' id='word_1_52' title='bbox 1275 1090 1335 1152; x_wconf 87' lang='lat' dir='ltr'><strong>satis</strong></span> 
     </span>
     <span class='ocr_line' id='line_1_8' title="bbox 215 1197 1334 1284; baseline 0.001 -18"><span class='ocrx_word' id='word_1_53' title='bbox 215 1206 385 1282; x_wconf 86' lang='lat' dir='ltr'><strong>constaret,</strong></span> <span class='ocrx_word' id='word_1_54' title='bbox 411 1206 476 1264; x_wconf 88' lang='lat' dir='ltr'><strong>turn</strong></span> <span class='ocrx_word' id='word_1_55' title='bbox 499 1197 623 1263; x_wconf 89' lang='lat' dir='ltr'><strong>uberius</strong></span> <span class='ocrx_word' id='word_1_56' title='bbox 646 1199 735 1263; x_wconf 91' lang='lat' dir='ltr'><strong>etiam</strong></span> <span class='ocrx_word' id='word_1_57' title='bbox 760 1198 894 1282; x_wconf 84' lang='lat' dir='ltr'><strong>ejusdem</strong></span> <span class='ocrx_word' id='word_1_58' title='bbox 916 1200 1007 1284; x_wconf 82' lang='lat' dir='ltr'><strong>Regis</strong></span> <span class='ocrx_word' id='word_1_59' title='bbox 1029 1220 1066 1262; x_wconf 88' lang='lat' dir='ltr'><strong>ex</strong></span> <span class='ocrx_word' id='word_1_60' title='bbox 1095 1199 1176 1264; x_wconf 75' lang='lat' dir='ltr'><strong>Vua</strong></span> <span class='ocrx_word' id='word_1_61' title='bbox 1196 1203 1334 1281; x_wconf 69' lang='lat' dir='ltr'><strong>consuit,</strong></span> 
     </span>
     <span class='ocr_line' id='line_1_9' title="bbox 216 1314 536 1401; baseline 0.009 -22"><span class='ocrx_word' id='word_1_62' title='bbox 216 1314 253 1381; x_wconf 91' lang='lat' dir='ltr'><strong>ab</strong></span> <span class='ocrx_word' id='word_1_63' title='bbox 276 1314 331 1379; x_wconf 93' lang='lat' dir='ltr'><strong>illo</strong></span> <span class='ocrx_word' id='word_1_64' title='bbox 354 1315 536 1401; x_wconf 72' lang='lat' dir='ltr'><strong>conscripti.</strong></span> 
     </span>
    </p>
   </div>
   <div class='ocr_carea' id='block_1_3' title="bbox 217 1545 1348 4038">
    <p class='ocr_par' dir='ltr' id='par_1_3' title="bbox 217 1545 1338 2546">
     <span class='ocr_line' id='line_1_10' title="bbox 261 1545 1335 1634; baseline 0 -26"><span class='ocrx_word' id='word_1_65' title='bbox 261 1545 406 1628; x_wconf 82' lang='lat' dir='ltr'><strong>Equidem</strong></span> <span class='ocrx_word' id='word_1_66' title='bbox 440 1551 622 1634; x_wconf 90' lang='lat' dir='ltr'><strong>quantopere</strong></span> <span class='ocrx_word' id='word_1_67' title='bbox 652 1546 722 1611; x_wconf 92' lang='lat' dir='ltr'><strong>lites</strong></span> <span class='ocrx_word' id='word_1_68' title='bbox 750 1546 867 1611; x_wconf 88' lang='lat' dir='ltr'><strong>doleam</strong></span> <span class='ocrx_word' id='word_1_69' title='bbox 895 1547 1036 1629; x_wconf 83' lang='lat' dir='ltr'><strong>rixasque</strong></span> <span class='ocrx_word' id='word_1_70' title='bbox 1065 1552 1097 1610; x_wconf 93' lang='lat' dir='ltr'><strong>et</strong></span> <span class='ocrx_word' id='word_1_71' title='bbox 1122 1545 1335 1617; x_wconf 80' lang='lat' dir='ltr'><strong>altercationes,</strong></span> 
     </span>
     <span class='ocr_line' id='line_1_11' title="bbox 218 1658 1338 1745; baseline -0.001 -21"><span class='ocrx_word' id='word_1_72' title='bbox 218 1680 307 1742; x_wconf 89' lang='lat' dir='ltr'><strong>quae,</strong></span> <span class='ocrx_word' id='word_1_73' title='bbox 332 1659 428 1724; x_wconf 86' lang='lat' dir='ltr'><strong>veluti</strong></span> <span class='ocrx_word' id='word_1_74' title='bbox 447 1660 537 1745; x_wconf 91' lang='lat' dir='ltr'><strong>pleno</strong></span> <span class='ocrx_word' id='word_1_75' title='bbox 555 1683 593 1724; x_wconf 83' lang='lat' dir='ltr'><strong>ex</strong></span> <span class='ocrx_word' id='word_1_76' title='bbox 615 1660 699 1727; x_wconf 87' lang='lat' dir='ltr'><strong>alveo</strong></span> <span class='ocrx_word' id='word_1_77' title='bbox 714 1683 752 1724; x_wconf 84' lang='lat' dir='ltr'><strong>ex</strong></span> <span class='ocrx_word' id='word_1_78' title='bbox 767 1660 981 1744; x_wconf 84' lang='lat' dir='ltr'><strong>conjunctione</strong></span> <span class='ocrx_word' id='word_1_79' title='bbox 995 1658 1050 1724; x_wconf 84' lang='lat' dir='ltr'><strong>illa</strong></span> <span class='ocrx_word' id='word_1_80' title='bbox 1072 1663 1338 1743; x_wconf 68' lang='lat' dir='ltr'><strong>manarentque</strong></span> 
     </span>
     <span class='ocr_line' id='line_1_12' title="bbox 217 1774 1338 1859; baseline 0.001 -23"><span class='ocrx_word' id='word_1_81' title='bbox 217 1795 280 1837; x_wconf 91' lang='lat' dir='ltr'><strong>non</strong></span> <span class='ocrx_word' id='word_1_82' title='bbox 302 1775 441 1839; x_wconf 89' lang='lat' dir='ltr'><strong>restituta</strong></span> <span class='ocrx_word' id='word_1_83' title='bbox 466 1774 703 1840; x_wconf 89' lang='lat' dir='ltr'><strong>Christianorum</strong></span> <span class='ocrx_word' id='word_1_84' title='bbox 733 1775 895 1840; x_wconf 90' lang='lat' dir='ltr'><strong>concordia</strong></span> <span class='ocrx_word' id='word_1_85' title='bbox 917 1775 1045 1859; x_wconf 87' lang='lat' dir='ltr'><strong>peperit,</strong></span> <span class='ocrx_word' id='word_1_86' title='bbox 1069 1775 1122 1838; x_wconf 88' lang='lat' dir='ltr'><strong>sed</strong></span> <span class='ocrx_word' id='word_1_87' title='bbox 1144 1776 1239 1838; x_wconf 89' lang='lat' dir='ltr'><strong>unius</strong></span> <span class='ocrx_word' id='word_1_88' title='bbox 1259 1774 1338 1837; x_wconf 77' lang='lat' dir='ltr'><strong>mnu·</strong></span> 
     </span>
     <span class='ocr_line' id='line_1_13' title="bbox 220 1886 1337 1973; baseline -0.002 -21"><span class='ocrx_word' id='word_1_89' title='bbox 220 1888 265 1952; x_wconf 89' lang='lat' dir='ltr'><strong>vit</strong></span> <span class='ocrx_word' id='word_1_90' title='bbox 287 1888 436 1973; x_wconf 89' lang='lat' dir='ltr'><strong>Principis</strong></span> <span class='ocrx_word' id='word_1_91' title='bbox 459 1888 617 1965; x_wconf 84' lang='lat' dir='ltr'><strong>voluntas;</strong></span> <span class='ocrx_word' id='word_1_92' title='bbox 644 1890 695 1954; x_wconf 87' lang='lat' dir='ltr'><strong>hle</strong></span> <span class='ocrx_word' id='word_1_93' title='bbox 716 1890 818 1954; x_wconf 90' lang='lat' dir='ltr'><strong>denuo</strong></span> <span class='ocrx_word' id='word_1_94' title='bbox 841 1889 939 1953; x_wconf 87' lang='lat' dir='ltr'><strong>dicere</strong></span> <span class='ocrx_word' id='word_1_95' title='bbox 958 1909 991 1952; x_wconf 87' lang='lat' dir='ltr'><strong>ac</strong></span> <span class='ocrx_word' id='word_1_96' title='bbox 1013 1886 1164 1953; x_wconf 88' lang='lat' dir='ltr'><strong>declarare</strong></span> <span class='ocrx_word' id='word_1_97' title='bbox 1184 1887 1263 1951; x_wconf 89' lang='lat' dir='ltr'><strong>nihil</strong></span> <span class='ocrx_word' id='word_1_98' title='bbox 1282 1887 1337 1951; x_wconf 91' lang='lat' dir='ltr'><strong>atti·</strong></span> 
     </span>
     <span class='ocr_line' id='line_1_14' title="bbox 218 2002 1335 2090; baseline -0.001 -23"><span class='ocrx_word' id='word_1_99' title='bbox 218 2008 282 2068; x_wconf 90' lang='lat' dir='ltr'><strong>net.</strong></span> <span class='ocrx_word' id='word_1_100' title='bbox 332 2007 408 2068; x_wconf 79' lang='lat' dir='ltr'><strong>Ante</strong></span> <span class='ocrx_word' id='word_1_101' title='bbox 439 2006 604 2090; x_wconf 87' lang='lat' dir='ltr'><strong>permultos</strong></span> <span class='ocrx_word' id='word_1_102' title='bbox 625 2008 705 2071; x_wconf 91' lang='lat' dir='ltr'><strong>enim</strong></span> <span class='ocrx_word' id='word_1_103' title='bbox 733 2027 828 2070; x_wconf 89' lang='lat' dir='ltr'><strong>annos</strong></span> <span class='ocrx_word' id='word_1_104' title='bbox 851 2005 962 2069; x_wconf 79' lang='lat' dir='ltr'><strong>laetari</strong></span> <span class='ocrx_word' id='word_1_105' title='bbox 983 2025 1031 2068; x_wconf 87' lang='lat' dir='ltr'><strong>me</strong></span> <span class='ocrx_word' id='word_1_106' title='bbox 1052 2002 1177 2087; x_wconf 87' lang='lat' dir='ltr'><strong>publice</strong></span> <span class='ocrx_word' id='word_1_107' title='bbox 1200 2002 1335 2078; x_wconf 85' lang='lat' dir='ltr'><strong>dixeram,</strong></span> 
     </span>
     <span class='ocr_line' id='line_1_15' title="bbox 220 2116 1336 2203; baseline -0.001 -22"><span class='ocrx_word' id='word_1_108' title='bbox 220 2116 322 2182; x_wconf 69' lang='lat' dir='ltr'><strong>nostra</strong></span> <span class='ocrx_word' id='word_1_109' title='bbox 346 2119 379 2182; x_wconf 91' lang='lat' dir='ltr'><strong>in</strong></span> <span class='ocrx_word' id='word_1_110' title='bbox 403 2121 522 2203; x_wconf 73' lang='lat' dir='ltr'><strong>Patria,</strong></span> <span class='ocrx_word' id='word_1_111' title='bbox 552 2123 625 2186; x_wconf 78' lang='lat' dir='ltr'><strong>»ide</strong></span> <span class='ocrx_word' id='word_1_112' title='bbox 646 2129 722 2186; x_wconf 80' lang='lat' dir='ltr'><strong>certe</strong></span> <span class='ocrx_word' id='word_1_113' title='bbox 746 2128 857 2196; x_wconf 72' lang='lat' dir='ltr'><strong>uetere,</strong></span> <span class='ocrx_word' id='word_1_114' title='bbox 879 2121 1010 2183; x_wconf 74' lang='lat' dir='ltr'><strong>dederam</strong></span> <span class='ocrx_word' id='word_1_115' title='bbox 1035 2139 1097 2182; x_wconf 77' lang='lat' dir='ltr'><strong>erae</strong></span> <span class='ocrx_word' id='word_1_116' title='bbox 1121 2118 1336 2184; x_wconf 86' lang='lat' dir='ltr'><strong>Protestantiun</strong></span> 
     </span>
     <span class='ocr_line' id='line_1_16' title="bbox 224 2229 1337 2318; baseline 0.001 -26"><span class='ocrx_word' id='word_1_117' title='bbox 224 2232 357 2316; x_wconf 76' lang='lat' dir='ltr'><strong>»quidem</strong></span> <span class='ocrx_word' id='word_1_118' title='bbox 382 2234 589 2318; x_wconf 75' lang='lat' dir='ltr'><strong>Tkeoioporuru</strong></span> <span class='ocrx_word' id='word_1_119' title='bbox 616 2258 651 2298; x_wconf 82' lang='lat' dir='ltr'><strong>eu</strong></span> <span class='ocrx_word' id='word_1_120' title='bbox 674 2235 836 2309; x_wconf 79' lang='lat' dir='ltr'><strong>mentibus,</strong></span> <span class='ocrx_word' id='word_1_121' title='bbox 859 2254 933 2317; x_wconf 82' lang='lat' dir='ltr'><strong>quae</strong></span> <span class='ocrx_word' id='word_1_122' title='bbox 957 2232 1174 2296; x_wconf 77' lang='lat' dir='ltr'><strong>iuueterdeaeui</strong></span> <span class='ocrx_word' id='word_1_123' title='bbox 1187 2235 1268 2315; x_wconf 83' lang='lat' dir='ltr'><strong>jou,</strong></span> <span class='ocrx_word' id='word_1_124' title='bbox 1288 2229 1337 2294; x_wconf 86' lang='lat' dir='ltr'><strong>odii</strong></span> 
     </span>
     <span class='ocr_line' id='line_1_17' title="bbox 226 2344 1336 2434; baseline -0.003 -25"><span class='ocrx_word' id='word_1_125' title='bbox 226 2347 278 2409; x_wconf 73' lang='lat' dir='ltr'><strong>riu</strong></span> <span class='ocrx_word' id='word_1_126' title='bbox 296 2349 419 2434; x_wconf 81' lang='lat' dir='ltr'><strong>fratrea</strong></span> <span class='ocrx_word' id='word_1_127' title='bbox 442 2350 523 2413; x_wconf 82' lang='lat' dir='ltr'><strong>luber</strong></span> <span class='ocrx_word' id='word_1_128' title='bbox 550 2371 585 2413; x_wconf 86' lang='lat' dir='ltr'><strong>ac</strong></span> <span class='ocrx_word' id='word_1_129' title='bbox 609 2350 769 2414; x_wconf 53' lang='lat' dir='ltr'><strong>maurus</strong></span> <span class='ocrx_word' id='word_1_130' title='bbox 814 2346 869 2415; x_wconf 85' lang='lat' dir='ltr'><strong>Ubi</strong></span> <span class='ocrx_word' id='word_1_131' title='bbox 903 2345 975 2412; x_wconf 88' lang='lat' dir='ltr'><strong>haec</strong></span> <span class='ocrx_word' id='word_1_132' title='bbox 1003 2351 1078 2411; x_wconf 89' lang='lat' dir='ltr'><strong>tunc</strong></span> <span class='ocrx_word' id='word_1_133' title='bbox 1108 2344 1256 2409; x_wconf 87' lang='lat' dir='ltr'><strong>continuo</strong></span> <span class='ocrx_word' id='word_1_134' title='bbox 1275 2344 1336 2427; x_wconf 88' lang='lat' dir='ltr'><strong>adji·</strong></span> 
     </span>
     <span class='ocr_line' id='line_1_18' title="bbox 222 2461 1200 2546; baseline 0.002 -22"><span class='ocrx_word' id='word_1_135' title='bbox 222 2461 328 2524; x_wconf 87' lang='lat' dir='ltr'><strong>cienda</strong></span> <span class='ocrx_word' id='word_1_136' title='bbox 351 2463 472 2546; x_wconf 90' lang='lat' dir='ltr'><strong>putavi:</strong></span> <span class='ocrx_word' id='word_1_137' title='bbox 1144 2522 1147 2527; x_wconf 87' lang='lat'><em>.</em></span> <span class='ocrx_word' id='word_1_138' title='bbox 1198 2461 1200 2465; x_wconf 68' lang='grc'>’</span> 
     </span>
    </p>

    <p class='ocr_par' dir='ltr' id='par_1_4' title="bbox 221 2573 1347 3919">
     <span class='ocr_line' id='line_1_19' title="bbox 265 2573 1337 2661; baseline 0.001 -27"><span class='ocrx_word' id='word_1_139' title='bbox 265 2576 373 2644; x_wconf 74' lang='lat' dir='ltr'><strong>»Quod</strong></span> <span class='ocrx_word' id='word_1_140' title='bbox 392 2577 422 2640; x_wconf 85' lang='lat' dir='ltr'><strong>ei</strong></span> <span class='ocrx_word' id='word_1_141' title='bbox 443 2577 510 2661; x_wconf 83' lang='lat' dir='ltr'><strong>quia</strong></span> <span class='ocrx_word' id='word_1_142' title='bbox 531 2578 725 2656; x_wconf 80' lang='lat' dir='ltr'><strong>repoueuduru</strong></span> <span class='ocrx_word' id='word_1_143' title='bbox 740 2584 831 2658; x_wconf 72' lang='lat' dir='ltr'><strong>putei</strong></span> <span class='ocrx_word' id='word_1_144' title='bbox 853 2584 906 2641; x_wconf 83' lang='lat' dir='ltr'><strong>uui</strong></span> <span class='ocrx_word' id='word_1_145' title='bbox 931 2576 1144 2658; x_wconf 79' lang='lat' dir='ltr'><strong>objiciendum,</strong></span> <span class='ocrx_word' id='word_1_146' title='bbox 1170 2576 1295 2640; x_wconf 85' lang='lat' dir='ltr'><strong>uuuduru</strong></span> <span class='ocrx_word' id='word_1_147' title='bbox 1312 2573 1337 2636; x_wconf 85' lang='lat' dir='ltr'><strong>iu</strong></span> 
     </span>
     <span class='ocr_line' id='line_1_20' title="bbox 221 2689 1339 2774; baseline 0.002 -24"><span class='ocrx_word' id='word_1_148' title='bbox 221 2711 333 2752; x_wconf 78' lang='lat' dir='ltr'><strong>»uuuru</strong></span> <span class='ocrx_word' id='word_1_149' title='bbox 363 2692 538 2774; x_wconf 82' lang='lat' dir='ltr'><strong>eundemque</strong></span> <span class='ocrx_word' id='word_1_150' title='bbox 567 2715 664 2757; x_wconf 85' lang='lat' dir='ltr'><strong>oruuea</strong></span> <span class='ocrx_word' id='word_1_151' title='bbox 693 2691 920 2757; x_wconf 82' lang='lat' dir='ltr'><strong>Nerieriuudiue</strong></span> <span class='ocrx_word' id='word_1_152' title='bbox 953 2691 1155 2755; x_wconf 79' lang='lat' dir='ltr'><strong>Proteaiuutee</strong></span> <span class='ocrx_word' id='word_1_153' title='bbox 1189 2689 1339 2753; x_wconf 76' lang='lat' dir='ltr'><strong>roueuuu</strong></span> 
     </span>
     <span class='ocr_line' id='line_1_21' title="bbox 221 2803 1340 2888; baseline 0.001 -25"><span class='ocrx_word' id='word_1_154' title='bbox 221 2803 402 2880; x_wconf 67' lang='lat' dir='ltr'><strong>occuluisse,</strong></span> <span class='ocrx_word' id='word_1_155' title='bbox 426 2825 512 2887; x_wconf 85' lang='lat' dir='ltr'><strong>quum</strong></span> <span class='ocrx_word' id='word_1_156' title='bbox 540 2827 595 2867; x_wconf 83' lang='lat' dir='ltr'><strong>auu</strong></span> <span class='ocrx_word' id='word_1_157' title='bbox 617 2806 774 2888; x_wconf 85' lang='lat' dir='ltr'><strong>quiburque</strong></span> <span class='ocrx_word' id='word_1_158' title='bbox 799 2806 890 2884; x_wconf 78' lang='lat' dir='ltr'><strong>priua</strong></span> <span class='ocrx_word' id='word_1_159' title='bbox 912 2814 1052 2870; x_wconf 83' lang='lat' dir='ltr'><strong>muueuut</strong></span> <span class='ocrx_word' id='word_1_160' title='bbox 1081 2827 1117 2869; x_wconf 84' lang='lat' dir='ltr'><strong>uc</strong></span> <span class='ocrx_word' id='word_1_161' title='bbox 1130 2804 1301 2884; x_wconf 75' lang='lat' dir='ltr'><strong>pecrriiuriu</strong></span> <span class='ocrx_word' id='word_1_162' title='bbox 1319 2808 1340 2865; x_wconf 90' lang='lat' dir='ltr'><strong>et</strong></span> 
     </span>
     <span class='ocr_line' id='line_1_22' title="bbox 221 2918 1341 3004; baseline 0.006 -30"><span class='ocrx_word' id='word_1_163' title='bbox 221 2918 356 2995; x_wconf 79' lang='lat' dir='ltr'><strong>»templu</strong></span> <span class='ocrx_word' id='word_1_164' title='bbox 379 2925 408 2981; x_wconf 81' lang='lat' dir='ltr'><strong>ei</strong></span> <span class='ocrx_word' id='word_1_165' title='bbox 431 2920 508 3001; x_wconf 82' lang='lat' dir='ltr'><strong>lepea</strong></span> <span class='ocrx_word' id='word_1_166' title='bbox 530 2919 704 2983; x_wconf 78' lang='lat' dir='ltr'><strong>domesticae</strong></span> <span class='ocrx_word' id='word_1_167' title='bbox 710 2945 723 2996; x_wconf 88' lang='lat'><strong>,·</strong></span> <span class='ocrx_word' id='word_1_168' title='bbox 742 2941 779 2982; x_wconf 80' lang='lat' dir='ltr'><strong>eu·</strong></span> <span class='ocrx_word' id='word_1_169' title='bbox 802 2942 834 2983; x_wconf 90' lang='lat' dir='ltr'><strong>eo</strong></span> <span class='ocrx_word' id='word_1_170' title='bbox 856 2943 947 2984; x_wconf 88' lang='lat' dir='ltr'><strong>uuum</strong></span> <span class='ocrx_word' id='word_1_171' title='bbox 969 2923 1021 2984; x_wconf 77' lang='lat' dir='ltr'><strong>hoc</strong></span> <span class='ocrx_word' id='word_1_172' title='bbox 1038 2920 1169 2985; x_wconf 78' lang='lat' dir='ltr'><strong>arbitror</strong></span> <span class='ocrx_word' id='word_1_173' title='bbox 1191 2943 1253 2984; x_wconf 83' lang='lat' dir='ltr'><strong>esee</strong></span> <span class='ocrx_word' id='word_1_174' title='bbox 1269 2939 1341 3004; x_wconf 83' lang='lat' dir='ltr'><strong>quae·</strong></span> 
     </span>
     <span class='ocr_line' id='line_1_23' title="bbox 222 3031 1342 3121; baseline 0.006 -32"><span class='ocrx_word' id='word_1_175' title='bbox 222 3031 378 3107; x_wconf 71' lang='lat' dir='ltr'><strong>secudum,</strong></span> <span class='ocrx_word' id='word_1_176' title='bbox 402 3032 432 3095; x_wconf 85' lang='lat' dir='ltr'><strong>ai</strong></span> <span class='ocrx_word' id='word_1_177' title='bbox 453 3054 523 3116; x_wconf 80' lang='lat' dir='ltr'><strong>quoa</strong></span> <span class='ocrx_word' id='word_1_178' title='bbox 536 3037 658 3121; x_wconf 83' lang='lat' dir='ltr'><strong>fratrea</strong></span> <span class='ocrx_word' id='word_1_179' title='bbox 679 3035 808 3107; x_wconf 78' lang='lat' dir='ltr'><strong>uenerit,</strong></span> <span class='ocrx_word' id='word_1_180' title='bbox 829 3035 981 3099; x_wconf 74' lang='lat' dir='ltr'><strong>diuturuia</strong></span> <span class='ocrx_word' id='word_1_181' title='bbox 1003 3035 1164 3098; x_wconf 80' lang='lat' dir='ltr'><strong>intersere</strong></span> <span class='ocrx_word' id='word_1_182' title='bbox 1186 3035 1265 3098; x_wconf 76' lang='lat' dir='ltr'><strong>odiis</strong></span> <span class='ocrx_word' id='word_1_183' title='bbox 1285 3055 1342 3097; x_wconf 82' lang='lat' dir='ltr'><strong>ero·</strong></span> 
     </span>
     <span class='ocr_line' id='line_1_24' title="bbox 222 3145 1344 3231; baseline 0.007 -27"><span class='ocrx_word' id='word_1_184' title='bbox 222 3145 385 3228; x_wconf 69' lang='lat' dir='ltr'><strong>acerbatur,</strong></span> <span class='ocrx_word' id='word_1_185' title='bbox 416 3147 467 3229; x_wconf 85' lang='lat' dir='ltr'><strong>qui</strong></span> <span class='ocrx_word' id='word_1_186' title='bbox 489 3168 567 3210; x_wconf 87' lang='lat' dir='ltr'><strong>uuuc</strong></span> <span class='ocrx_word' id='word_1_187' title='bbox 589 3149 707 3211; x_wconf 80' lang='lat' dir='ltr'><strong>taudem</strong></span> <span class='ocrx_word' id='word_1_188' title='bbox 732 3148 766 3211; x_wconf 88' lang='lat' dir='ltr'><strong>iu</strong></span> <span class='ocrx_word' id='word_1_189' title='bbox 785 3149 914 3230; x_wconf 79' lang='lat' dir='ltr'><strong>pretium</strong></span> <span class='ocrx_word' id='word_1_190' title='bbox 940 3146 1103 3224; x_wconf 80' lang='lat' dir='ltr'><strong>redierint,</strong></span> <span class='ocrx_word' id='word_1_191' title='bbox 1126 3169 1197 3211; x_wconf 87' lang='lat' dir='ltr'><strong>uum</strong></span> <span class='ocrx_word' id='word_1_192' title='bbox 1215 3149 1278 3223; x_wconf 77' lang='lat' dir='ltr'><strong>ior,</strong></span> <span class='ocrx_word' id='word_1_193' title='bbox 1301 3167 1344 3231; x_wconf 82' lang='lat' dir='ltr'><strong>qur</strong></span> 
     </span>
     <span class='ocr_line' id='line_1_25' title="bbox 223 3260 1345 3344; baseline 0.004 -26"><span class='ocrx_word' id='word_1_194' title='bbox 223 3261 358 3344; x_wconf 76' lang='lat' dir='ltr'><strong>»firmior</strong></span> <span class='ocrx_word' id='word_1_195' title='bbox 379 3260 494 3324; x_wconf 80' lang='lat' dir='ltr'><strong>scilieet</strong></span> <span class='ocrx_word' id='word_1_196' title='bbox 516 3269 546 3325; x_wconf 79' lang='lat' dir='ltr'><strong>ei</strong></span> <span class='ocrx_word' id='word_1_197' title='bbox 567 3263 749 3326; x_wconf 82' lang='lat' dir='ltr'><strong>ccuaiuuiior</strong></span> <span class='ocrx_word' id='word_1_198' title='bbox 769 3263 963 3327; x_wconf 81' lang='lat' dir='ltr'><strong>recruciiiuia</strong></span> <span class='ocrx_word' id='word_1_199' title='bbox 977 3263 1021 3326; x_wconf 82' lang='lat' dir='ltr'><strong>ait</strong></span> <span class='ocrx_word' id='word_1_200' title='bbox 1042 3261 1191 3337; x_wconf 81' lang='lat' dir='ltr'><strong>uruiciiiu,</strong></span> <span class='ocrx_word' id='word_1_201' title='bbox 1214 3263 1249 3325; x_wconf 85' lang='lat' dir='ltr'><strong>iu</strong></span> <span class='ocrx_word' id='word_1_202' title='bbox 1270 3260 1345 3324; x_wconf 82' lang='lat' dir='ltr'><strong>uuiur</strong></span> 
     </span>
     <span class='ocr_line' id='line_1_26' title="bbox 223 3374 1345 3460; baseline 0.004 -27"><span class='ocrx_word' id='word_1_203' title='bbox 223 3374 324 3438; x_wconf 77' lang='lat' dir='ltr'><strong>»redis</strong></span> <span class='ocrx_word' id='word_1_204' title='bbox 338 3380 431 3452; x_wconf 74' lang='lat' dir='ltr'><strong>putet</strong></span> <span class='ocrx_word' id='word_1_205' title='bbox 445 3375 599 3460; x_wconf 75' lang='lat' dir='ltr'><strong>utamurque</strong></span> <span class='ocrx_word' id='word_1_206' title='bbox 621 3379 751 3440; x_wconf 79' lang='lat' dir='ltr'><strong>claustra</strong></span> <span class='ocrx_word' id='word_1_207' title='bbox 773 3378 911 3460; x_wconf 74' lang='lat' dir='ltr'><strong>copeudoe</strong></span> <span class='ocrx_word' id='word_1_208' title='bbox 930 3400 993 3442; x_wconf 78' lang='lat' dir='ltr'><strong>ease</strong></span> <span class='ocrx_word' id='word_1_209' title='bbox 1014 3385 1044 3440; x_wconf 81' lang='lat' dir='ltr'><strong>ei</strong></span> <span class='ocrx_word' id='word_1_210' title='bbox 1062 3374 1302 3456; x_wconf 67' lang='lat' dir='ltr'><strong>compellenda?</strong></span> <span class='ocrx_word' id='word_1_211' title='bbox 1312 3408 1345 3419; x_wconf 82' lang='lat'>-</span> 
     </span>
     <span class='ocr_line' id='line_1_27' title="bbox 224 3491 1346 3574; baseline -0.007 -15"><span class='ocrx_word' id='word_1_212' title='bbox 224 3491 478 3574; x_wconf 66' lang='lat' dir='ltr'><strong>auricularii,</strong></span> <span class='ocrx_word' id='word_1_213' title='bbox 502 3514 572 3555; x_wconf 84' lang='lat' dir='ltr'><strong>uero</strong></span> <span class='ocrx_word' id='word_1_214' title='bbox 594 3492 829 3555; x_wconf 79' lang='lat' dir='ltr'><strong>Proteaiuuiiuru</strong></span> <span class='ocrx_word' id='word_1_215' title='bbox 859 3492 962 3555; x_wconf 81' lang='lat' dir='ltr'><strong>uuitus</strong></span> <span class='ocrx_word' id='word_1_216' title='bbox 983 3514 1043 3555; x_wconf 89' lang='lat' dir='ltr'><strong>uou</strong></span> <span class='ocrx_word' id='word_1_217' title='bbox 1073 3491 1108 3554; x_wconf 90' lang='lat' dir='ltr'><strong>iu</strong></span> <span class='ocrx_word' id='word_1_218' title='bbox 1129 3512 1276 3570; x_wconf 72' lang='lat' dir='ltr'><strong>eoquorum</strong></span> <span class='ocrx_word' id='word_1_219' title='bbox 1297 3510 1346 3552; x_wconf 87' lang='lat' dir='ltr'><strong>cer·</strong></span> 
     </span>
     <span class='ocr_line' id='line_1_28' title="bbox 223 3602 1346 3688; baseline -0.002 -24"><span class='ocrx_word' id='word_1_220' title='bbox 223 3605 342 3686; x_wconf 68' lang='lat' dir='ltr'><strong>paitru,</strong></span> <span class='ocrx_word' id='word_1_221' title='bbox 366 3608 419 3670; x_wconf 84' lang='lat' dir='ltr'><strong>aeui</strong></span> <span class='ocrx_word' id='word_1_222' title='bbox 440 3607 603 3670; x_wconf 86' lang='lat' dir='ltr'><strong>auimoruru</strong></span> <span class='ocrx_word' id='word_1_223' title='bbox 625 3605 848 3688; x_wconf 73' lang='lat' dir='ltr'><strong>coujuuctioue5</strong></span> <span class='ocrx_word' id='word_1_224' title='bbox 871 3627 931 3668; x_wconf 88' lang='lat' dir='ltr'><strong>ueu</strong></span> <span class='ocrx_word' id='word_1_225' title='bbox 962 3605 1136 3683; x_wconf 74' lang='lat' dir='ltr'><strong>templorum</strong></span> <span class='ocrx_word' id='word_1_226' title='bbox 1157 3611 1213 3667; x_wconf 81' lang='lat' dir='ltr'><strong>aut</strong></span> <span class='ocrx_word' id='word_1_227' title='bbox 1235 3602 1346 3667; x_wconf 65' lang='lat' dir='ltr'><strong>aurire·</strong></span> 
     </span>
     <span class='ocr_line' id='line_1_29' title="bbox 224 3717 1347 3795; baseline 0 -17"><span class='ocrx_word' id='word_1_228' title='bbox 224 3727 352 3795; x_wconf 77' lang='lat' dir='ltr'><strong>uturum,</strong></span> <span class='ocrx_word' id='word_1_229' title='bbox 378 3721 431 3784; x_wconf 83' lang='lat' dir='ltr'><strong>aed</strong></span> <span class='ocrx_word' id='word_1_230' title='bbox 451 3721 592 3784; x_wconf 80' lang='lat' dir='ltr'><strong>mentium</strong></span> <span class='ocrx_word' id='word_1_231' title='bbox 615 3727 645 3782; x_wconf 75' lang='lat' dir='ltr'><strong>ei</strong></span> <span class='ocrx_word' id='word_1_232' title='bbox 666 3741 801 3782; x_wconf 81' lang='lat' dir='ltr'><strong>aeuouum</strong></span> <span class='ocrx_word' id='word_1_233' title='bbox 819 3717 1017 3781; x_wconf 80' lang='lat' dir='ltr'><strong>commuuione</strong></span> <span class='ocrx_word' id='word_1_234' title='bbox 1037 3723 1189 3795; x_wconf 74' lang='lat' dir='ltr'><strong>aperieiur</strong></span> <span class='ocrx_word' id='word_1_235' title='bbox 1211 3725 1241 3780; x_wconf 82' lang='lat' dir='ltr'><strong>et</strong></span> <span class='ocrx_word' id='word_1_236' title='bbox 1262 3736 1347 3780; x_wconf 83' lang='lat' dir='ltr'><strong>cuuu·</strong></span> 
     </span>
     <span class='ocr_line' id='line_1_30' title="bbox 224 3831 483 3919; baseline 0.027 -29"><span class='ocrx_word' id='word_1_237' title='bbox 224 3832 396 3896; x_wconf 76' lang='lat' dir='ltr'><strong>uciutioue”</strong></span> <span class='ocrx_word' id='word_1_238' title='bbox 420 3831 483 3919; x_wconf 88' lang='lat' dir='ltr'><strong>(l).</strong></span> 
     </span>
    </p>

    <p class='ocr_par' dir='ltr' id='par_1_5' title="bbox 270 3938 1348 4038">
     <span class='ocr_line' id='line_1_31' title="bbox 270 3938 1348 4038; baseline -0.006 -29"><span class='ocrx_word' id='word_1_239' title='bbox 270 3948 348 4018; x_wconf 90' lang='lat' dir='ltr'><strong>llaec</strong></span> <span class='ocrx_word' id='word_1_240' title='bbox 370 3945 435 4038; x_wconf 88' lang='lat' dir='ltr'><strong>ipsa</strong></span> <span class='ocrx_word' id='word_1_241' title='bbox 457 3952 545 4025; x_wconf 87' lang='lat' dir='ltr'><strong>sunt,</strong></span> <span class='ocrx_word' id='word_1_242' title='bbox 566 3968 659 4030; x_wconf 91' lang='lat' dir='ltr'><strong>quae,</strong></span> <span class='ocrx_word' id='word_1_243' title='bbox 683 3950 751 4010; x_wconf 88' lang='lat' dir='ltr'><strong>ante</strong></span> <span class='ocrx_word' id='word_1_244' title='bbox 767 3944 822 4009; x_wconf 91' lang='lat' dir='ltr'><strong>hos</strong></span> <span class='ocrx_word' id='word_1_245' title='bbox 844 3944 970 4036; x_wconf 80' lang='lat' dir='ltr'><strong>triginta</strong></span> <span class='ocrx_word' id='word_1_246' title='bbox 992 3948 1052 4007; x_wconf 90' lang='lat' dir='ltr'><strong>tres</strong></span> <span class='ocrx_word' id='word_1_247' title='bbox 1075 3947 1106 4007; x_wconf 89' lang='lat' dir='ltr'><strong>et</strong></span> <span class='ocrx_word' id='word_1_248' title='bbox 1121 3944 1205 4031; x_wconf 92' lang='lat' dir='ltr'><strong>quod</strong></span> <span class='ocrx_word' id='word_1_249' title='bbox 1228 3938 1348 4008; x_wconf 81' lang='lat' dir='ltr'><strong>excurrit</strong></span> 
     </span>
    </p>
   </div>
   <div class='ocr_carea' id='block_1_4' title="bbox 237 4116 402 4127">
    <p class='ocr_par' dir='ltr' id='par_1_6' title="bbox 237 4116 402 4127">
     <span class='ocr_line' id='line_1_32' title="bbox 237 4116 402 4127; baseline 0 -4"><span class='ocrx_word' id='word_1_250' title='bbox 237 4116 402 4127; x_wconf 76' lang='grc'><strong><em>,..----..-.</em></strong></span> 
     </span>
    </p>
   </div>
   <div class='ocr_carea' id='block_1_5' title="bbox 222 4229 1350 4488">
    <p class='ocr_par' dir='ltr' id='par_1_7' title="bbox 222 4229 1350 4488">
     <span class='ocr_line' id='line_1_33' title="bbox 259 4229 1348 4298; baseline -0.008 -13"><span class='ocrx_word' id='word_1_251' title='bbox 259 4236 296 4298; x_wconf 84' lang='lat' dir='ltr'><strong>(l)</strong></span> <span class='ocrx_word' id='word_1_252' title='bbox 316 4235 377 4285; x_wconf 90' lang='lat' dir='ltr'><strong>Vid.</strong></span> <span class='ocrx_word' id='word_1_253' title='bbox 396 4236 432 4292; x_wconf 85' lang='lat' dir='ltr'><strong>(in</strong></span> <span class='ocrx_word' id='word_1_254' title='bbox 450 4232 551 4284; x_wconf 84' lang='lat' dir='ltr'><strong>Anuull.</strong></span> <span class='ocrx_word' id='word_1_255' title='bbox 565 4231 646 4283; x_wconf 82' lang='lat' dir='ltr'><strong>Aead.</strong></span> <span class='ocrx_word' id='word_1_256' title='bbox 664 4230 833 4298; x_wconf 80' lang='lat' dir='ltr'><strong>libero-Traj.</strong></span> <span class='ocrx_word' id='word_1_257' title='bbox 851 4248 874 4282; x_wconf 88' lang='lat' dir='ltr'><strong>a.</strong></span> <span class='ocrx_word' id='word_1_258' title='bbox 895 4235 1126 4293; x_wconf 80' lang='lat' dir='ltr'><strong>1823-1824)or.</strong></span> <span class='ocrx_word' id='word_1_259' title='bbox 1144 4231 1174 4281; x_wconf 88' lang='lat' dir='ltr'><strong>de</strong></span> <span class='ocrx_word' id='word_1_260' title='bbox 1193 4229 1278 4296; x_wconf 77' lang='lat' dir='ltr'><strong>Belpr&#39;o</strong></span> <span class='ocrx_word' id='word_1_261' title='bbox 1295 4230 1319 4284; x_wconf 89' lang='lat' dir='ltr'><strong>li.</strong></span> <span class='ocrx_word' id='word_1_262' title='bbox 1330 4243 1348 4278; x_wconf 85' lang='lat' dir='ltr'><strong>a.</strong></span> 
     </span>
     <span class='ocr_line' id='line_1_34' title="bbox 223 4321 1350 4392; baseline -0.012 -11"><span class='ocrx_word' id='word_1_263' title='bbox 223 4327 399 4384; x_wconf 77' lang='lat' dir='ltr'><strong>Nederlnudid)</strong></span> <span class='ocrx_word' id='word_1_264' title='bbox 418 4326 559 4392; x_wconf 82' lang='lat' dir='ltr'><strong>discipliuae</strong></span> <span class='ocrx_word' id='word_1_265' title='bbox 575 4325 652 4387; x_wconf 73' lang='lat' dir='ltr'><strong>aaut,</strong></span> <span class='ocrx_word' id='word_1_266' title='bbox 671 4325 751 4376; x_wconf 79' lang='lat' dir='ltr'><strong>uosud</strong></span> <span class='ocrx_word' id='word_1_267' title='bbox 771 4325 840 4391; x_wconf 84' lang='lat' dir='ltr'><strong>impr.</strong></span> <span class='ocrx_word' id='word_1_268' title='bbox 860 4332 951 4384; x_wconf 71' lang='lat' dir='ltr'><strong>acute,</strong></span> <span class='ocrx_word' id='word_1_269' title='bbox 973 4323 1027 4375; x_wconf 81' lang='lat' dir='ltr'><strong>sede</strong></span> <span class='ocrx_word' id='word_1_270' title='bbox 1044 4323 1207 4390; x_wconf 73' lang='lat' dir='ltr'><strong>pulcherrimi</strong></span> <span class='ocrx_word' id='word_1_271' title='bbox 1223 4333 1245 4374; x_wconf 81' lang='lat' dir='ltr'><strong>cr</strong></span> <span class='ocrx_word' id='word_1_272' title='bbox 1262 4321 1350 4374; x_wconf 75' lang='lat' dir='ltr'><strong>mariue</strong></span> 
     </span>
     <span class='ocr_line' id='line_1_35' title="bbox 222 4422 536 4488; baseline -0.013 -17"><span class='ocrx_word' id='word_1_273' title='bbox 222 4422 363 4488; x_wconf 71' lang='lat' dir='ltr'><strong>opportuni,</strong></span> <span class='ocrx_word' id='word_1_274' title='bbox 384 4437 409 4486; x_wconf 91' lang='lat' dir='ltr'><strong>p.</strong></span> <span class='ocrx_word' id='word_1_275' title='bbox 433 4426 475 4471; x_wconf 75' lang='lat'><strong>22.</strong></span> <span class='ocrx_word' id='word_1_276' title='bbox 495 4425 536 4468; x_wconf 79' lang='lat'><strong>23.</strong></span> 
     </span>
    </p>
   </div>
   <div class='ocr_carea' id='block_1_6' title="bbox 0 0 1412 4958">
    <p class='ocr_par' dir='ltr' id='par_1_8' title="bbox 0 0 1412 4958">
     <span class='ocr_line' id='line_1_36' title="bbox 0 0 1412 4958; baseline 0 0"><span class='ocrx_word' id='word_1_277' title='bbox 0 0 1412 4958; x_wconf 95' lang='lat' dir='ltr'><strong> </strong></span> 
     </span>
    </p>
   </div>
  </div>
 </body>
</html>
