2782 4958
459 363 499 408 ns
523 362 625 407 nraars
648 361 846 406 aunarrouns.
1174 343 1214 405 97

70 529 154 597 locis
184 530 335 627 parallelis
363 530 560 617 colligendis,
594 529 804 606 recensendis,
838 528 1031 614 disponendis
1061 527 1212 614 quomodo

66 621 215 708 vanus
245 643 304 720 sit,
327 647 361 708 et
382 643 463 727 quod
493 642 637 729 singulis,
670 642 751 708 unde
776 643 877 707 hausti
906 647 989 719 sunt,
1022 641 1159 709 fontibus
1181 647 1214 708 et

64 755 277 843 :cripturibus
299 758 430 842 pretium
453 758 647 824 statuendum
661 761 749 843 putet
771 759 900 839 Auctor,
918 756 1051 824 breuiter
1072 757 1209 842 quidem,

70 873 133 939 sed
154 873 245 939 doute
267 873 410 958 deinceps
433 873 566 959 exponit.

123 1207 171 1273 dlx
194 1208 272 1275 Viro
295 1208 461 1275 olerasimo
484 1210 510 1273 si
534 1207 711 1294 quaesieris,
737 1205 844 1291 quidni
865 1205 967 1291 potins
997 1226 1067 1272 eum
1089 1206 1123 1271 in
1146 1228 1211 1272 mo-

64 1322 152 1388 ‹lum
174 1324 294 1389 consilii
317 1325 394 1389 fines
416 1329 506 1409 atque
537 1321 686 1388 ambitum
708 1321 893 1404 dilataverit,
926 1327 962 1387 nt
983 1322 1084 1408 paullo
1106 1344 1213 1388 recen·

11 1494 16 1500 .
64 1438 166 1502 tiaris
195 1439 288 1504 etiam
317 1440 424 1504 acatis
454 1439 536 1504 locos
568 1436 725 1522 parallelos
754 1436 945 1521 apponendos
975 1441 1109 1513 curaret;
1137 1436 1212 1502 haec

67 1573 148 1618 eum
171 1554 401 1639 respondentem
424 1554 539 1631 audies,
565 1574 653 1637 qnae,
679 1572 719 1615 ne
740 1552 819 1616 iorte
841 1552 942 1617 minus
957 1557 1096 1618 accurate
1120 1553 1214 1618 inter·

68 1673 195 1752 preter,
225 1670 343 1753 ipsius,
375 1690 466 1753 quam
495 1669 589 1742 meis,
625 1666 751 1732 tradere·
775 1664 854 1730 malo
877 1665 990 1731 verbis.
1039 1667 1106 1732 »In
1132 1664 1213 1744 iis,’'

70 1783 187 1868 inquit,
206 1786 473 1870 »acquiescendum
493 1785 649 1862 ducimus,
672 1803 750 1867 quae
767 1782 942 1866 antiquiora
960 1792 1055 1848 esseut
1069 1783 1211 1859 Irenaeo,

87 1899 125 1963 st.
150 1920 178 1964 e.
208 1899 336 1965 Ireuuet‘
359 1899 448 1965 libras
474 1900 618 1965 aduersus
645 1897 783 1962 haereses
809 1898 996 1981 conscriptis,
1023 1900 1137 1983 quippe
1162 1899 1216 1983 qai

76 2079 232 2092 Οιῄ--ι-ι

85 2198 171 2248 mentis
196 2195 317 2248 refutavit
341 2194 360 2247 J
366 2197 507 2249 acobius.
550 2194 600 2248 Hic
625 2204 710 2249 autem
736 2195 788 2248 Vir
812 2198 914 2255 doctus,
940 2209 999 2246 cum
1026 2193 1058 2246 ab
1080 2193 1214 2262 Happelyto

84 2288 173 2341 librum
190 2290 334 2353 profectum
357 2303 412 2341 esse
437 2291 525 2342 multis
545 2292 654 2357 probare
679 2298 785 2342 conatus
804 2297 878 2350 esset,
897 2294 1030 2340 strenuum
1048 2288 1146 2340 invenit
1169 2290 1213 2340 ad·

83 2384 218 2435 auserim
233 2381 438 2442 Fcerlernm,
456 2383 622 2445 Brixcnsem,
639 2387 666 2434 in
684 2397 772 2449 opere:
790 2383 886 2448 Drey,
906 2382 1009 2442 Kuhn,
1028 2379 1143 2431 Hcfelc
1161 2371 1211 2433 ste.

83 2474 332 2538 (sculteticum
350 2475 549 2540 Quumlscitrtfl,
567 2477 698 2528 XXXIV.
714 2482 737 2526 2.
752 2493 778 2542 p.
793 2481 842 2528 299
860 2491 915 2541 sqq·
950 2476 1006 2529 Hic
1018 2477 1086 2527 enim
1102 2493 1118 2526 a
1134 2474 1212 2539 Osjo

80 2568 170 2620 librum
203 2571 346 2635 profectum
373 2585 427 2620 esse
452 2572 625 2621 demonstrare
656 2577 779 2637 equatur,
804 2571 865 2634 qui,
891 2583 958 2621 auno
983 2570 1036 2621 fere
1064 2575 1211 2631 tto—2³0,

81 2657 221 2712 Sacerdotis
239 2662 280 2712 vel
301 2662 449 2725 Presbyteri
466 2677 571 2712 munere
588 2663 704 2723 iunctus,
722 2663 861 2727 Zephyrini
878 2659 978 2728 Papae,
1004 2663 1057 2713 sive
1074 2662 1211 2726 Episcopi,

79 2756 189 2818 aequalis
206 2755 285 2805 fuerit
303 2763 379 2820 atque
396 2756 563 2806 adversarius.
599 2755 681 2816 Quem
700 2755 886 2806 Feszlcrum
904 2755 926 2805 si
944 2755 1031 2816 audis,
1051 2756 1117 2805 idern
1142 2755 1211 2805 hisce

80 2845 307 2913 Puueprcmaa,
321 2851 388 2913 quod
401 2850 468 2913 apud
482 2847 633 2899 Photium
650 2846 812 2913 Labyn'nrbus
821 2847 973 2912 appellatur,
984 2862 1048 2913 opus
1066 2845 1213 2899 contineba-

81 2944 128 2990 tur.
163 2939 206 2990 Ac
227 2930 287 2990 suae
305 2929 446 2990 sonantius
464 2946 601 3004 patronum
624 2939 665 2989 bic
683 2940 821 2991 Baurum
838 2941 945 2991 invenit.
980 2938 1059 2990 Vidd.
1080 2940 1164 2989 Baur
1185 2955 1211 2990 ιι.

80 3033 196 3096 Zeller,
213 3032 281 3085 tteoi.
298 3031 389 3084 Jahrb.
407 3033 562 3084 Tom.X11.
577 3031 664 3096 (185³)
679 3048 705 3097 p.
727 3037 774 3082 152
792 3047 846 3098 sqq.
869 3029 896 3081 A
911 3046 962 3098 quo
973 3032 1060 3083 multis
1074 3033 1213 3083 refutatum

81 3125 174 3178 ridebis
189 3126 209 3179 J
214 3127 369 3178 scobinm.
387 3122 482 3176 -Sed
499 3125 694 3192 quidquaeris?
728 3124 814 3189 Hujus
831 3126 912 3191 ipsius
924 3126 1076 3176 sententiam
1092 3127 1213 3174 adversus

81 3216 265 3270 Iesalerum
286 3225 360 3269 acute
378 3226 466 3270 tuetur
484 3218 779 3282 Hergenrdtherus,
801 3219 898 3270 Ductor
924 3221 1038 3284 privatus
1054 3219 1215 3270 Municbien·
1297 3222 1304 3230 '

80 3309 117 3372 sis,
137 3312 304 3376 (memoratae
321 3309 491 3377 Eplerrcridis
512 3309 601 3363 Outioi.
626 3294 729 3376 Tabinq.
750 3313 838 3363 eodem
862 3310 945 3362 Temo
967 3310 1096 3362 XXXIV.
1115 3317 1139 3361 ³.
1162 3315 1212 3362 416

80 3404 152 3470 'uult
176 3429 211 3442 ··
234 3418 282 3455 neo
304 3407 391 3455 minus
416 3406 509 3456 aeriter
528 3405 661 3469 impugnat
682 3410 758 3467 atque
781 3405 874 3455 erroris
895 3405 1046 3456 convincere
1069 3405 1153 3455 studet
1176 3405 1212 3455 E.

82 3495 185 3550 Zeller
204 3496 315 3561 (Annali.
331 3496 411 3558 ticet,
430 3500 500 3563 quos
516 3513 575 3549 oum
600 3498 709 3547 Bauro
726 3497 779 3547 edit
795 3485 868 3562 Ipse,
895 3498 964 3548 laud.
985 3496 1068 3548 Tomo
1094 3496 1157 3547 XII.
1183 3513 1210 3562 p.

85 3591 125 3642 its
142 3592 224 3657 sqq.);
249 3592 309 3657 qui,
336 3590 586 3654 aNiermeyero
612 3590 719 3654 aliisque
745 3589 820 3654 longe
842 3588 1003 3648 dissentiens,
1031 3588 1213 3652 antiquissimis

84 3677 204 3734 Gnosticis
221 3682 339 3746 ignotum
356 3681 434 3732 fuisse
448 3689 557 3745 quartam
573 3679 742 3746 Eueapcliam,
757 3679 872 3744 argutius
889 3692 967 3744 quam
985 3678 1081 3742 verius,
1095 3670 1213 3730 evincere

86 3777 171 3828 studet.

111 4054 243 4109 Idunum
259 4071 293 4108 ex
312 4053 439 4109 Virorum
454 4059 597 4118 doctorum,
616 4056 636 4109 J
642 4057 748 4110 acobii
766 4054 904 4122 ImprimIs,
927 4055 1140 4121 disputationibus
1155 4055 1217 4107 satis

87 4158 200 4213 tppsrere
214 4150 278 4200 mihi
296 4151 405 4211 videtur,
426 4150 559 4202 memorati
578 4151 661 4215 operIs
679 4156 809 4200 auctorem
826 4161 880 4199 uon
894 4147 973 4199 tuisse
990 4147 1170 4212 Origenem.
1188 4146 1216 4197 A
1314 4180 1322 4191 .

89 4233 157 4304 Gaio
173 4257 238 4294 vero
258 4249 347 4294 utram
363 4243 506 4309 profectum
524 4244 566 4304 sit,
586 4259 620 4294 an
635 4245 667 4294 ab
681 4241 871 4308 Hippolyto,
886 4256 920 4293 un
937 4242 1022 4307 potius
1036 4240 1069 4292 ab
1086 4240 1137 4290 alio
1152 4254 1217 4305 quo·

89 4329 157 4394 pum,
176 4335 209 4384 de
221 4348 272 4400 quo
291 4335 404 4389 nondum
420 4337 554 4401 quisquam
572 4336 729 4401 cogitaverit,
741 4336 951 4404 scriptore‚'mihi
965 4340 1034 4388 certe
1051 4348 1103 4386 non
1119 4331 1217 4399 liquere

91 4424 212 4484 profiteor.

1063 4521 1079 4583 7
