2782 4958
62 382 68 391 ,
145 323 208 383 138
534 339 571 379 ur
596 339 695 381 nunna
721 341 884 384 urruncrrs

183 503 354 568 Permultos
380 501 471 577 hunc,
497 506 670 588 argumenti
693 525 761 569 cum
784 506 947 590 dogmatici
972 526 1006 570 ac
1028 507 1171 591 moralis,
1200 514 1262 574 tum

139 608 237 684 critici
260 624 349 703 atque
371 620 529 703 exegetici,
541 617 635 683 libros
651 623 821 705 scriptaque
837 621 951 685 edenda
966 623 1088 686 curmae
1107 622 1140 686 in
1157 624 1265 708 vulgus

138 738 242 797 notum
266 747 323 808 est,
349 756 384 797 ac
406 734 541 797 defuncti
564 735 709 799 Auctoris
731 756 840 799 nomeu
863 734 1042 801 celebraturi
1064 735 1265 822 Theologi,et

137 845 325 915 Helvetii'et
347 847 490 911 Germani
514 851 545 910 et
567 846 761 922 Nederlandi‚
774 847 885 912 civium
902 853 1134 933 exterorumque
1156 851 1190 914 in
1205 872 1265 914 rne-

136 963 262 1027 mcriam
285 961 393 1045 passim
416 962 608 1025 revoctrunt.
657 959 744 1032 Quae
768 963 851 1046 prius
874 969 1036 1047 utrumque
1058 985 1158 1048 genus
1186 986 1266 1028 corn·

135 1074 342 1161 plectebantur
361 1076 472 1159 scripta
490 1074 728 1139 Friesianae
745 1076 807 1141 lere
822 1075 1033 1161 Philosophiae
1048 1075 1150 1141 coloro
1171 1078 1265 1142 tincta

135 1199 225 1266 suut,
258 1196 346 1275 atque
376 1189 414 1254 ab
441 1211 476 1254 eo
505 1211 570 1253 sese
600 1191 734 1274 prolecta
756 1213 820 1254 esse
843 1190 1067 1270 demonstrant,
1097 1192 1172 1274 qui,
1204 1208 1265 1254 non

135 1307 235 1369 omnia
257 1305 392 1388 quidem,
418 1303 468 1367 sed
492 1305 586 1367 multa
609 1314 707 1368 tamen
731 1304 811 1369 illius
833 1305 943 1388 placita
964 1303 1133 1388 probtsset,
1156 1325 1190 1368 ac
1210 1326 1266 1369 suc

135 1418 263 1504 quodam
293 1418 382 1482 modo
411 1418 603 1502 temperanda
630 1439 743 1501 suoque
771 1419 898 1502 ingenio
926 1418 1137 1483 conformanda
1162 1424 1194 1481 et
1215 1440 1266 1502 ap-

135 1532 224 1597 tanda
248 1532 393 1596 duxisset.
439 1532 569 1595 Ineunte
597 1532 719 1614 quidem
739 1531 868 1615 juvenili
891 1538 989 1595 aetate
1009 1531 1136 1596 Scholae
1167 1531 1265 1596 Kan-

134 1646 261 1709 tianae
283 1644 501 1709 Rationalismo
516 1645 699 1729 aliquamdiu
722 1665 754 1707 ae
776 1649 909 1707 senserat
922 1643 1120 1728 implicatum
1144 1662 1266 1709 verum·

134 1767 233 1824 tamen
257 1763 387 1845 pectoris
406 1760 539 1840 humani,
563 1758 736 1824 sublimiora
751 1757 809 1822 sibi
824 1760 996 1843 quaerentis
1011 1763 1101 1844 atque
1123 1767 1264 1844 appeten·

135 1877 184 1952 tis,
210 1878 292 1940 sitim
317 1877 503 1961 restinguere
519 1896 580 1939 non
604 1896 689 1958 posse
705 1874 908 1960 praedicatum
926 1872 964 1937 ab
985 1873 1038 1937 illa
1061 1877 1265 1958 categoricum

134 1989 367 2072 Imperatorem,
393 1989 583 2072 postmodum
610 1992 795 2071 perceperat.
843 1985 964 2050 Mature
994 1989 1092 2072 igitur
1121 1987 1144 2051 J
1148 1990 1265 2053 canni

133 2102 351 2168 Frederico
374 2104 490 2167 Fries
512 2103 621 2166 intimt
644 2101 822 2165 conciliatus
842 2101 987 2179 amicitia,
1014 2100 1192 2167 aenaeum
1211 2102 1265 2167 hu·

130 2218 181 2299 jus
203 2219 289 2282 ideas
310 2217 346 2281 ad
371 2237 438 2280 euru
463 2221 543 2280 certe
566 2216 688 2280 modum
712 2214 849 2299 probavit
869 2235 984 2298 suoque
1006 2213 1130 2279 imbibit
1148 2217 1263 2297 auimo,

132 2337 170 2395 ut
191 2331 334 2397 Kantii
362 2331 480 2415 placitis
508 2353 558 2395 eas
580 2332 722 2414 deinceps
753 2331 849 2413 magis
873 2331 1028 2414 magisque
1053 2331 1265 2415 praeferendas

132 2450 260 2530 putaret.
305 2447 434 2520 iccirco,
460 2446 513 2509 illo
536 2446 685 2530 imprimis
713 2445 789 2508 duce
811 2446 931 2523 Amico,
963 2444 1061 2509 Maeli
1081 2447 1206 2511 robono
1228 2469 1264 2511 ae

124 2560 251 2645 fidente,
276 2579 364 2643 qnam
388 2561 463 2623 scite
486 2566 574 2623 vocat
596 2547 921 2644 Hagenbachiu's,
946 2558 1139 2644 philosophas
1161 2583 1210 2627 res
1232 2569 1263 2628 et

132 2672 318 2757 theologicas
351 2673 463 2736 intueri
493 2671 601 2736 didicit
631 2693 666 2734 ac
693 2672 855 2755 judicare(
890 2673 981 2737 Unde
1009 2675 1121 2743 lactum
1150 2682 1200 2742 est
1227 2683 1262 2742 ut

131 2785 382 2870 pantheistioam,
418 2805 507 2868 quarn
538 2786 703 2849 secundum
737 2786 1030 2870 Schellirrgium
1061 2787 1262 2872 profitebatur

131 2899 188 2963 He
195 2898 336 2984 gelius,
363 2898 508 2963 Naturae
531 2899 762 2984 Philosophiam
790 2900 983 2965 vehementer
1009 2901 1194 2986 improbaret
1215 2909 1264 2981 at·

130 3030 189 3097 que
218 3018 413 3077 aversaretur.
459 3012 541 3084 Quid
568 3013 668 3098 quod,
702 3016 831 3078 Serraffls
860 3015 1020 3078 academici
1055 3015 1263 3083 Bcrolineusis

130 3128 242 3204 socius,
260 3129 434 3212 quominus,
449 3127 611 3195 Barussiae
633 3129 664 3192 iu
688 3128 866 3213 metropolin
889 3134 1041 3206 evocatus,
1066 3129 1261 3216 collegarum

130 3262 257 3307 numero
280 3248 497 3326 aggregaretur
521 3241 729 3328 flagellas,
760 3264 817 3306 suo
846 3243 1034 3307 intercedere
1062 3249 1191 3309 conatus
1215 3253 1263 3312 est

129 3357 274 3442 suffragio
297 3361 385 3439 atquc
407 3359 596 3421 auctoritate.
643 3358 769 3423 Frustra
792 3357 925 3441 quidem;
943 3357 996 3421 sed
1018 3358 1062 3421 ita
1084 3362 1198 3434 tamen,
1224 3365 1262 3425 ut

128 3477 311 3554 quantopere
340 3471 468 3533 sanioris
496 3470 630 3535 Theismi
662 3492 795 3535 caussam
827 3492 915 3534 curae
942 3471 1084 3553 cordique
1114 3470 1259 3550 baberet,

127 3583 282 3651 luculento
303 3585 361 3650 hoc
384 3584 523 3669 probaret
545 3587 726 3650 documento
748 3586 812 3669 (l).
968 3586 969 3589 ’

126 3788 270 3800 ——u-

51 3964 55 3973 ·
162 3935 197 3996 (l)
216 3936 256 3987 De
274 3938 313 3997 iis,
333 3953 396 4001 quae
414 3940 529 4001 proxime
548 3940 650 3997 monui,
678 3936 1108 4001 pluradirritHngenbachius,
1137 3939 1259 4001 pulcher·

127 4029 191 4079 rimo
216 4030 242 4079 in
266 4030 362 4090 libello,
390 4047 464 4095 quem
483 4033 622 4095 inscripsit:
642 4031 684 4078 W.
707 4033 745 4081 M.
771 4032 860 4102 erc
883 4031 995 4082 Wcttc.
1021 4031 1087 4081 Eine
1105 4031 1179 4080 abaci.
1208 4029 1259 4081 Ge-

125 4121 302 4172 ddclrtm'szreda
324 4125 364 4173 nait
385 4125 516 4174 Aamerlck.
538 4142 562 4173 u·
587 4124 702 4190 Bailapen
726 4123 807 4189 (Lapa.
835 4125 922 4186 1850);
949 4141 975 4189 p.
995 4130 1024 4173 21
1046 4140 1099 4188 sqq.
1135 4125 1202 4186 Ubi,
1228 4143 1256 4190 p.

127 4219 243 4278 69-72,
269 4219 373 4280 dignum
400 4221 520 4282 estquod
540 4220 572 4268 ab
589 4219 706 4268 omnibus
723 4221 903 4282 perpendatur,
928 4233 981 4267 non
1005 4219 1076 4280 prius
1094 4217 1256 4280 evulgatum,

126 4307 303 4358 De·Wettii
320 4311 350 4357 dc
369 4308 571 4372 Schcllingio
589 4322 614 4360 ot
631 4309 766 4372 Hegolio
781 4309 1167 4372 judicium—Friesianam
1185 4310 1257 4359 illius

126 4402 246 4451 sentiendi
271 4404 392 4452 rationem
418 4405 552 4453 vernacule
581 4405 640 4454 dicit
664 4405 713 4454 Vir
735 4405 902 4454 clarissimus:
926 4404 974 4453 Dic
992 4401 1173 4466 ideal-aldubipa
1199 4401 1255 4453 Be-
