<?xml version="1.0" encoding="UTF-8"?>
<!DOCTYPE html PUBLIC "-//W3C//DTD XHTML 1.0 Transitional//EN"
    "http://www.w3.org/TR/xhtml1/DTD/xhtml1-transitional.dtd">
<html xmlns="http://www.w3.org/1999/xhtml" xml:lang="en" lang="en">
 <head>
  <title>
</title>
<meta http-equiv="Content-Type" content="text/html;charset=utf-8" />
  <meta name='ocr-system' content='tesseract 3.04.00' />
  <meta name='ocr-capabilities' content='ocr_page ocr_carea ocr_par ocr_line ocrx_word'/>
</head>
<body>
  <div class='ocr_page' id='page_1' title='image "./chartaetheologi00boumgoog_0125.png"; bbox 0 0 2782 4958; ppageno 0'>
   <div class='ocr_carea' id='block_1_1' title="bbox 138 324 802 388">
    <p class='ocr_par' dir='ltr' id='par_1_1' title="bbox 138 324 802 388">
     <span class='ocr_line' id='line_1_1' title="bbox 138 324 802 388; baseline -0.012 0"><span class='ocrx_word' id='word_1_1' title='bbox 138 324 203 388; x_wconf 89' lang='grc'><strong>108</strong></span> <span class='ocrx_word' id='word_1_2' title='bbox 634 338 802 382; x_wconf 80' lang='lat' dir='ltr'><strong>aauvlouns</strong></span> 
     </span>
    </p>
   </div>
   <div class='ocr_carea' id='block_1_2' title="bbox 132 503 1264 708">
    <p class='ocr_par' dir='ltr' id='par_1_2' title="bbox 132 503 1264 708">
     <span class='ocr_line' id='line_1_2' title="bbox 132 503 1262 598; baseline -0.012 -22"><span class='ocrx_word' id='word_1_3' title='bbox 132 514 257 598; x_wconf 79' lang='lat' dir='ltr'><strong>Junctus</strong></span> <span class='ocrx_word' id='word_1_4' title='bbox 280 511 388 588; x_wconf 85' lang='lat' dir='ltr'><strong>suerat,</strong></span> <span class='ocrx_word' id='word_1_5' title='bbox 415 508 568 584; x_wconf 88' lang='lat' dir='ltr'><strong>Amicum,</strong></span> <span class='ocrx_word' id='word_1_6' title='bbox 594 507 675 570; x_wconf 92' lang='lat' dir='ltr'><strong>diem</strong></span> <span class='ocrx_word' id='word_1_7' title='bbox 699 505 776 570; x_wconf 90' lang='lat' dir='ltr'><strong>obiit</strong></span> <span class='ocrx_word' id='word_1_8' title='bbox 799 526 981 590; x_wconf 88' lang='lat' dir='ltr'><strong>supremum.</strong></span> <span class='ocrx_word' id='word_1_9' title='bbox 1028 504 1087 570; x_wconf 85' lang='lat' dir='ltr'><strong>Vir</strong></span> <span class='ocrx_word' id='word_1_10' title='bbox 1111 503 1211 569; x_wconf 87' lang='lat' dir='ltr'><strong>bonus</strong></span> <span class='ocrx_word' id='word_1_11' title='bbox 1232 517 1262 562; x_wconf 87' lang='lat' dir='ltr'><strong>ac</strong></span> 
     </span>
     <span class='ocr_line' id='line_1_3' title="bbox 135 621 1264 708; baseline -0.003 -19"><span class='ocrx_word' id='word_1_12' title='bbox 135 626 242 690; x_wconf 89' lang='lat' dir='ltr'><strong>doctus</strong></span> <span class='ocrx_word' id='word_1_13' title='bbox 264 623 402 708; x_wconf 82' lang='lat' dir='ltr'><strong>idemque</strong></span> <span class='ocrx_word' id='word_1_14' title='bbox 426 623 583 708; x_wconf 79' lang='lat' dir='ltr'>religionis</span> <span class='ocrx_word' id='word_1_15' title='bbox 605 622 838 700; x_wconf 86' lang='lat' dir='ltr'><strong>amantissimus,</strong></span> <span class='ocrx_word' id='word_1_16' title='bbox 868 621 1078 686; x_wconf 89' lang='lat' dir='ltr'><strong>Rationalismi</strong></span> <span class='ocrx_word' id='word_1_17' title='bbox 1103 622 1204 707; x_wconf 77' lang='lat' dir='ltr'><strong>frigus</strong></span> <span class='ocrx_word' id='word_1_18' title='bbox 1226 626 1264 686; x_wconf 87' lang='lat' dir='ltr'><strong>at·</strong></span> 
     </span>
    </p>
   </div>
   <div class='ocr_carea' id='block_1_3' title="bbox 30 734 1265 824">
    <p class='ocr_par' dir='ltr' id='par_1_3' title="bbox 30 734 1265 824">
     <span class='ocr_line' id='line_1_4' title="bbox 30 734 1265 824; baseline -0.004 -20"><span class='ocrx_word' id='word_1_19' title='bbox 30 768 41 778; x_wconf 95' lang='lat'><em>·</em></span> <span class='ocrx_word' id='word_1_20' title='bbox 132 760 191 824; x_wconf 91' lang='lat' dir='ltr'><strong>que</strong></span> <span class='ocrx_word' id='word_1_21' title='bbox 213 737 446 803; x_wconf 86' lang='lat' dir='ltr'><strong>indifferentiam</strong></span> <span class='ocrx_word' id='word_1_22' title='bbox 470 739 585 801; x_wconf 89' lang='lat' dir='ltr'><strong>sincere</strong></span> <span class='ocrx_word' id='word_1_23' title='bbox 608 736 756 801; x_wconf 80' lang='lat' dir='ltr'><strong>doluerat.</strong></span> <span class='ocrx_word' id='word_1_24' title='bbox 805 735 999 820; x_wconf 87' lang='lat' dir='ltr'><strong>Aliquamdiu</strong></span> <span class='ocrx_word' id='word_1_25' title='bbox 1028 756 1113 816; x_wconf 81' lang='lat' dir='ltr'><strong>vero,</strong></span> <span class='ocrx_word' id='word_1_26' title='bbox 1138 734 1265 800; x_wconf 80' lang='lat' dir='ltr'><strong>Theolo-</strong></span> 
     </span>
    </p>
   </div>
   <div class='ocr_carea' id='block_1_4' title="bbox 129 847 1269 1964">
    <p class='ocr_par' dir='ltr' id='par_1_4' title="bbox 129 847 1269 1964">
     <span class='ocr_line' id='line_1_5' title="bbox 133 847 1263 940; baseline -0.004 -22"><span class='ocrx_word' id='word_1_27' title='bbox 133 873 241 940; x_wconf 81' lang='lat' dir='ltr'><strong>gotum</strong></span> <span class='ocrx_word' id='word_1_28' title='bbox 264 853 297 916; x_wconf 94' lang='lat' dir='ltr'><strong>in</strong></span> <span class='ocrx_word' id='word_1_29' title='bbox 319 851 470 930; x_wconf 84' lang='lat' dir='ltr'><strong>divortiis,</strong></span> <span class='ocrx_word' id='word_1_30' title='bbox 503 849 557 915; x_wconf 92' lang='lat' dir='ltr'><strong>ubi</strong></span> <span class='ocrx_word' id='word_1_31' title='bbox 587 847 646 914; x_wconf 89' lang='lat' dir='ltr'><strong>sibi</strong></span> <span class='ocrx_word' id='word_1_32' title='bbox 678 849 818 914; x_wconf 87' lang='lat' dir='ltr'><strong>standum</strong></span> <span class='ocrx_word' id='word_1_33' title='bbox 841 855 919 914; x_wconf 83' lang='lat' dir='ltr'><strong>esset</strong></span> <span class='ocrx_word' id='word_1_34' title='bbox 947 848 1103 914; x_wconf 76' lang='lat' dir='ltr'><strong>dubitasse</strong></span> <span class='ocrx_word' id='word_1_35' title='bbox 1130 850 1263 915; x_wconf 82' lang='lat' dir='ltr'><strong>videtur.</strong></span> 
     </span>
     <span class='ocr_line' id='line_1_6' title="bbox 132 963 1267 1051; baseline -0.004 -19"><span class='ocrx_word' id='word_1_36' title='bbox 132 968 210 1033; x_wconf 77' lang='lat' dir='ltr'><strong>Tum</strong></span> <span class='ocrx_word' id='word_1_37' title='bbox 233 964 576 1031; x_wconf 79' lang='lat' dir='ltr'><strong>Schleiermachero</strong></span> <span class='ocrx_word' id='word_1_38' title='bbox 598 964 789 1039; x_wconf 85' lang='lat' dir='ltr'><strong>conciliatus,</strong></span> <span class='ocrx_word' id='word_1_39' title='bbox 815 966 858 1030; x_wconf 89' lang='lat' dir='ltr'><strong>ita</strong></span> <span class='ocrx_word' id='word_1_40' title='bbox 880 963 971 1049; x_wconf 82' lang='lat' dir='ltr'><strong>huJus</strong></span> <span class='ocrx_word' id='word_1_41' title='bbox 992 964 1148 1051; x_wconf 84' lang='lat' dir='ltr'><strong>amplexus</strong></span> <span class='ocrx_word' id='word_1_42' title='bbox 1172 968 1267 1029; x_wconf 85' lang='lat' dir='ltr'><strong>cstao</strong></span> 
     </span>
     <span class='ocr_line' id='line_1_7' title="bbox 131 1078 1267 1164; baseline -0.002 -18"><span class='ocrx_word' id='word_1_43' title='bbox 131 1081 354 1146; x_wconf 87' lang='lat' dir='ltr'><strong>commendavit</strong></span> <span class='ocrx_word' id='word_1_44' title='bbox 377 1080 539 1160; x_wconf 83' lang='lat' dir='ltr'><strong>doctrinas,</strong></span> <span class='ocrx_word' id='word_1_45' title='bbox 564 1084 601 1145; x_wconf 91' lang='lat' dir='ltr'><strong>ut</strong></span> <span class='ocrx_word' id='word_1_46' title='bbox 622 1098 777 1164; x_wconf 85' lang='lat' dir='ltr'><strong>nunquam</strong></span> <span class='ocrx_word' id='word_1_47' title='bbox 799 1100 861 1144; x_wconf 91' lang='lat' dir='ltr'><strong>nou</strong></span> <span class='ocrx_word' id='word_1_48' title='bbox 883 1100 955 1144; x_wconf 84' lang='lat' dir='ltr'><strong>auus</strong></span> <span class='ocrx_word' id='word_1_49' title='bbox 979 1082 1127 1144; x_wconf 85' lang='lat' dir='ltr'><strong>maneret.</strong></span> <span class='ocrx_word' id='word_1_50' title='bbox 1176 1078 1267 1150; x_wconf 83' lang='lat' dir='ltr'><strong>Quod</strong></span> 
     </span>
     <span class='ocr_line' id='line_1_8' title="bbox 131 1181 1264 1280; baseline -0.002 -20"><span class='ocrx_word' id='word_1_51' title='bbox 131 1181 163 1260; x_wconf 87' lang='lat' dir='ltr'><strong>et</strong></span> <span class='ocrx_word' id='word_1_52' title='bbox 175 1194 247 1260; x_wconf 85' lang='lat' dir='ltr'><strong>alibi</strong></span> <span class='ocrx_word' id='word_1_53' title='bbox 263 1196 329 1280; x_wconf 85' lang='lat' dir='ltr'><strong>egit</strong></span> <span class='ocrx_word' id='word_1_54' title='bbox 343 1199 387 1273; x_wconf 91' lang='lat' dir='ltr'><strong>et,</strong></span> <span class='ocrx_word' id='word_1_55' title='bbox 404 1215 514 1279; x_wconf 85' lang='lat' dir='ltr'><strong>magno</strong></span> <span class='ocrx_word' id='word_1_56' title='bbox 529 1214 600 1258; x_wconf 90' lang='lat' dir='ltr'><strong>cum</strong></span> <span class='ocrx_word' id='word_1_57' title='bbox 616 1195 765 1269; x_wconf 75' lang='lat' dir='ltr'><strong>acumine,</strong></span> <span class='ocrx_word' id='word_1_58' title='bbox 783 1193 929 1279; x_wconf 86' lang='lat' dir='ltr'><strong>liturgico</strong></span> <span class='ocrx_word' id='word_1_59' title='bbox 946 1193 1074 1279; x_wconf 82' lang='lat' dir='ltr'><strong>quodam</strong></span> <span class='ocrx_word' id='word_1_60' title='bbox 1089 1194 1122 1258; x_wconf 95' lang='lat' dir='ltr'><strong>in</strong></span> <span class='ocrx_word' id='word_1_61' title='bbox 1137 1193 1264 1278; x_wconf 86' lang='lat' dir='ltr'><strong>scripto,</strong></span> 
     </span>
     <span class='ocr_line' id='line_1_9' title="bbox 130 1306 1268 1397; baseline -0.004 -22"><span class='ocrx_word' id='word_1_62' title='bbox 130 1310 211 1397; x_wconf 91' lang='lat' dir='ltr'><strong>quod</strong></span> <span class='ocrx_word' id='word_1_63' title='bbox 242 1308 487 1375; x_wconf 68' lang='lat' dir='ltr'><strong>Ctruaauoram</strong></span> <span class='ocrx_word' id='word_1_64' title='bbox 517 1311 555 1374; x_wconf 83' lang='lat' dir='ltr'><strong>dc</strong></span> <span class='ocrx_word' id='word_1_65' title='bbox 582 1310 663 1374; x_wconf 81' lang='lat' dir='ltr'><strong>cultu</strong></span> <span class='ocrx_word' id='word_1_66' title='bbox 692 1333 781 1375; x_wconf 83' lang='lat' dir='ltr'><strong>acero</strong></span> <span class='ocrx_word' id='word_1_67' title='bbox 810 1316 966 1396; x_wconf 85' lang='lat' dir='ltr'><strong>praecepta</strong></span> <span class='ocrx_word' id='word_1_68' title='bbox 989 1310 1041 1375; x_wconf 90' lang='lat' dir='ltr'><strong>dat</strong></span> <span class='ocrx_word' id='word_1_69' title='bbox 1063 1307 1125 1393; x_wconf 88' lang='lat'>(1).</span> <span class='ocrx_word' id='word_1_70' title='bbox 1175 1306 1268 1379; x_wconf 80' lang='lat' dir='ltr'><strong>Quod</strong></span> 
     </span>
     <span class='ocr_line' id='line_1_10' title="bbox 129 1408 1269 1510; baseline -0.001 -21"><span class='ocrx_word' id='word_1_71' title='bbox 129 1425 281 1508; x_wconf 86' lang='lat' dir='ltr'><strong>reliquum</strong></span> <span class='ocrx_word' id='word_1_72' title='bbox 303 1408 367 1505; x_wconf 83' lang='lat' dir='ltr'><strong>est,</strong></span> <span class='ocrx_word' id='word_1_73' title='bbox 386 1444 510 1510; x_wconf 85' lang='lat' dir='ltr'><strong>magnae</strong></span> <span class='ocrx_word' id='word_1_74' title='bbox 533 1424 590 1488; x_wconf 82' lang='lat' dir='ltr'><strong>fuit</strong></span> <span class='ocrx_word' id='word_1_75' title='bbox 611 1423 823 1490; x_wconf 83' lang='lat' dir='ltr'><strong>Sileaiansium</strong></span> <span class='ocrx_word' id='word_1_76' title='bbox 844 1426 876 1489; x_wconf 92' lang='lat' dir='ltr'><strong>in</strong></span> <span class='ocrx_word' id='word_1_77' title='bbox 907 1423 1044 1490; x_wconf 68' lang='lat' dir='ltr'><strong>Ecclesia</strong></span> <span class='ocrx_word' id='word_1_78' title='bbox 1073 1423 1133 1488; x_wconf 86' lang='lat' dir='ltr'><strong>Vir</strong></span> <span class='ocrx_word' id='word_1_79' title='bbox 1162 1427 1269 1488; x_wconf 91' lang='lat' dir='ltr'><strong>aucto·</strong></span> 
     </span>
     <span class='ocr_line' id='line_1_11' title="bbox 131 1522 1268 1623; baseline -0.002 -19"><span class='ocrx_word' id='word_1_80' title='bbox 131 1539 244 1620; x_wconf 77' lang='lat' dir='ltr'><strong>nitatis,</strong></span> <span class='ocrx_word' id='word_1_81' title='bbox 269 1522 464 1622; x_wconf 80' lang='lat' dir='ltr'><strong>omniumque</strong></span> <span class='ocrx_word' id='word_1_82' title='bbox 487 1537 663 1623; x_wconf 83' lang='lat' dir='ltr'><strong>siugulatim</strong></span> <span class='ocrx_word' id='word_1_83' title='bbox 686 1539 835 1622; x_wconf 74' lang='lat' dir='ltr'>particeps</span> <span class='ocrx_word' id='word_1_84' title='bbox 866 1538 914 1603; x_wconf 83' lang='lat' dir='ltr'><strong>vel</strong></span> <span class='ocrx_word' id='word_1_85' title='bbox 937 1526 1132 1602; x_wconf 88' lang='lat' dir='ltr'><strong>consiliorum</strong></span> <span class='ocrx_word' id='word_1_86' title='bbox 1156 1536 1208 1602; x_wconf 84' lang='lat' dir='ltr'><strong>vel</strong></span> <span class='ocrx_word' id='word_1_87' title='bbox 1229 1537 1268 1602; x_wconf 89' lang='lat' dir='ltr'><strong>li·</strong></span> 
     </span>
     <span class='ocr_line' id='line_1_12' title="bbox 131 1644 1269 1736; baseline -0.002 -19"><span class='ocrx_word' id='word_1_88' title='bbox 131 1653 229 1732; x_wconf 86' lang='lat' dir='ltr'><strong>tium,</strong></span> <span class='ocrx_word' id='word_1_89' title='bbox 255 1672 349 1736; x_wconf 83' lang='lat' dir='ltr'><strong>quas,</strong></span> <span class='ocrx_word' id='word_1_90' title='bbox 372 1649 533 1716; x_wconf 87' lang='lat' dir='ltr'><strong>Borassiae</strong></span> <span class='ocrx_word' id='word_1_91' title='bbox 570 1645 664 1734; x_wconf 81' lang='lat' dir='ltr'><strong>Regis</strong></span> <span class='ocrx_word' id='word_1_92' title='bbox 697 1652 876 1717; x_wconf 86' lang='lat' dir='ltr'><strong>auctoritate</strong></span> <span class='ocrx_word' id='word_1_93' title='bbox 909 1644 1112 1736; x_wconf 84' lang='lat' dir='ltr'><strong>praescripta,</strong></span> <span class='ocrx_word' id='word_1_94' title='bbox 1148 1650 1269 1736; x_wconf 87' lang='lat' dir='ltr'><strong>peperit</strong></span> 
     </span>
     <span class='ocr_line' id='line_1_13' title="bbox 131 1752 1267 1851; baseline -0.001 -21"><span class='ocrx_word' id='word_1_95' title='bbox 131 1752 266 1851; x_wconf 54' lang='lat' dir='ltr'><strong>&#39;uiuendo&#39;</strong></span> <span class='ocrx_word' id='word_1_96' title='bbox 286 1764 485 1828; x_wconf 89' lang='lat' dir='ltr'><strong>ecclesiastica</strong></span> <span class='ocrx_word' id='word_1_97' title='bbox 508 1769 539 1828; x_wconf 85' lang='lat' dir='ltr'><strong>et</strong></span> <span class='ocrx_word' id='word_1_98' title='bbox 561 1768 686 1828; x_wconf 86' lang='lat' dir='ltr'><strong>externa</strong></span> <span class='ocrx_word' id='word_1_99' title='bbox 707 1764 946 1830; x_wconf 86' lang='lat' dir='ltr'><strong>Protestantium</strong></span> <span class='ocrx_word' id='word_1_100' title='bbox 977 1766 1159 1851; x_wconf 87' lang='lat' dir='ltr'><strong>templorum</strong></span> <span class='ocrx_word' id='word_1_101' title='bbox 1184 1786 1267 1830; x_wconf 88' lang='lat' dir='ltr'><strong>com·</strong></span> 
     </span>
     <span class='ocr_line' id='line_1_14' title="bbox 131 1870 1265 1964; baseline 0.002 -20"><span class='ocrx_word' id='word_1_102' title='bbox 131 1879 274 1945; x_wconf 90' lang='lat' dir='ltr'><strong>munione</strong></span> <span class='ocrx_word' id='word_1_103' title='bbox 297 1880 482 1964; x_wconf 89' lang='lat' dir='ltr'><strong>conjunctio.</strong></span> <span class='ocrx_word' id='word_1_104' title='bbox 521 1878 610 1943; x_wconf 90' lang='lat' dir='ltr'><strong>Unde</strong></span> <span class='ocrx_word' id='word_1_105' title='bbox 632 1899 709 1962; x_wconf 92' lang='lat' dir='ltr'><strong>quae</strong></span> <span class='ocrx_word' id='word_1_106' title='bbox 731 1880 914 1945; x_wconf 79' lang='lat' dir='ltr'><strong>exstiterunt</strong></span> <span class='ocrx_word' id='word_1_107' title='bbox 928 1880 1004 1945; x_wconf 85' lang='lat' dir='ltr'><strong>mala</strong></span> <span class='ocrx_word' id='word_1_108' title='bbox 1026 1881 1113 1946; x_wconf 90' lang='lat' dir='ltr'><strong>Deus</strong></span> <span class='ocrx_word' id='word_1_109' title='bbox 1132 1870 1265 1946; x_wconf 76' lang='lat' dir='ltr'><strong>avertat!</strong></span> 
     </span>
    </p>
   </div>
   <div class='ocr_carea' id='block_1_5' title="bbox 126 2214 1267 3558">
    <p class='ocr_par' dir='ltr' id='par_1_5' title="bbox 126 2214 1267 3558">
     <span class='ocr_line' id='line_1_15' title="bbox 176 2214 1267 2304; baseline -0.001 -24"><span class='ocrx_word' id='word_1_110' title='bbox 176 2217 224 2281; x_wconf 92' lang='lat' dir='ltr'><strong>De</strong></span> <span class='ocrx_word' id='word_1_111' title='bbox 246 2218 339 2302; x_wconf 85' lang='lat' dir='ltr'><strong>ipsis,</strong></span> <span class='ocrx_word' id='word_1_112' title='bbox 372 2238 447 2302; x_wconf 90' lang='lat' dir='ltr'><strong>quas</strong></span> <span class='ocrx_word' id='word_1_113' title='bbox 469 2238 552 2282; x_wconf 89' lang='lat' dir='ltr'><strong>nuno</strong></span> <span class='ocrx_word' id='word_1_114' title='bbox 574 2220 706 2304; x_wconf 87' lang='lat' dir='ltr'><strong>primum</strong></span> <span class='ocrx_word' id='word_1_115' title='bbox 730 2218 825 2282; x_wconf 90' lang='lat' dir='ltr'><strong>editas</strong></span> <span class='ocrx_word' id='word_1_116' title='bbox 851 2238 915 2281; x_wconf 88' lang='lat' dir='ltr'><strong>esse</strong></span> <span class='ocrx_word' id='word_1_117' title='bbox 946 2216 1095 2293; x_wconf 81' lang='lat' dir='ltr'><strong>uidimus,</strong></span> <span class='ocrx_word' id='word_1_118' title='bbox 1129 2214 1267 2300; x_wconf 84' lang='lat' dir='ltr'><strong>epistolis</strong></span> 
     </span>
     <span class='ocr_line' id='line_1_16' title="bbox 132 2329 1266 2416; baseline 0.002 -23"><span class='ocrx_word' id='word_1_119' title='bbox 132 2349 192 2393; x_wconf 93' lang='lat' dir='ltr'><strong>nou</strong></span> <span class='ocrx_word' id='word_1_120' title='bbox 216 2335 262 2393; x_wconf 88' lang='lat' dir='ltr'><strong>est</strong></span> <span class='ocrx_word' id='word_1_121' title='bbox 284 2329 364 2414; x_wconf 87' lang='lat' dir='ltr'><strong>quod</strong></span> <span class='ocrx_word' id='word_1_122' title='bbox 386 2329 481 2395; x_wconf 89' lang='lat' dir='ltr'><strong>multa</strong></span> <span class='ocrx_word' id='word_1_123' title='bbox 504 2331 595 2395; x_wconf 88' lang='lat' dir='ltr'><strong>dictis</strong></span> <span class='ocrx_word' id='word_1_124' title='bbox 617 2331 804 2416; x_wconf 85' lang='lat' dir='ltr'><strong>adjiciamus.</strong></span> <span class='ocrx_word' id='word_1_125' title='bbox 853 2330 964 2414; x_wconf 82' lang='lat' dir='ltr'><strong>Neque</strong></span> <span class='ocrx_word' id='word_1_126' title='bbox 986 2331 1068 2394; x_wconf 87' lang='lat' dir='ltr'><strong>enim</strong></span> <span class='ocrx_word' id='word_1_127' title='bbox 1082 2351 1180 2415; x_wconf 90' lang='lat' dir='ltr'><strong>pauca</strong></span> <span class='ocrx_word' id='word_1_128' title='bbox 1195 2352 1266 2395; x_wconf 93' lang='lat' dir='ltr'><strong>con·</strong></span> 
     </span>
     <span class='ocr_line' id='line_1_17' title="bbox 129 2443 1267 2528; baseline 0.003 -22"><span class='ocrx_word' id='word_1_129' title='bbox 129 2444 241 2521; x_wconf 87' lang='lat' dir='ltr'><strong>tinent,</strong></span> <span class='ocrx_word' id='word_1_130' title='bbox 275 2464 351 2528; x_wconf 91' lang='lat' dir='ltr'><strong>quae</strong></span> <span class='ocrx_word' id='word_1_131' title='bbox 382 2445 436 2523; x_wconf 85' lang='lat' dir='ltr'><strong>iis,</strong></span> <span class='ocrx_word' id='word_1_132' title='bbox 468 2446 520 2528; x_wconf 90' lang='lat' dir='ltr'><strong>qui</strong></span> <span class='ocrx_word' id='word_1_133' title='bbox 547 2446 783 2509; x_wconf 76' lang='lat' dir='ltr'><strong>recentissimam</strong></span> <span class='ocrx_word' id='word_1_134' title='bbox 807 2445 986 2509; x_wconf 78' lang='lat' dir='ltr'><strong>Germaniae</strong></span> <span class='ocrx_word' id='word_1_135' title='bbox 1010 2443 1186 2519; x_wconf 77' lang='lat' dir='ltr'><strong>historiam,</strong></span> <span class='ocrx_word' id='word_1_136' title='bbox 1219 2443 1267 2509; x_wconf 83' lang='lat' dir='ltr'><strong>vel</strong></span> 
     </span>
     <span class='ocr_line' id='line_1_18' title="bbox 130 2557 1266 2642; baseline 0.002 -23"><span class='ocrx_word' id='word_1_137' title='bbox 130 2578 243 2622; x_wconf 85' lang='lat' dir='ltr'><strong>sacram</strong></span> <span class='ocrx_word' id='word_1_138' title='bbox 267 2558 315 2622; x_wconf 87' lang='lat' dir='ltr'><strong>vel</strong></span> <span class='ocrx_word' id='word_1_139' title='bbox 338 2557 501 2622; x_wconf 74' lang='lat' dir='ltr'><strong>litteratam</strong></span> <span class='ocrx_word' id='word_1_140' title='bbox 524 2557 572 2622; x_wconf 83' lang='lat' dir='ltr'><strong>vel</strong></span> <span class='ocrx_word' id='word_1_141' title='bbox 602 2559 692 2623; x_wconf 91' lang='lat' dir='ltr'><strong>etiam</strong></span> <span class='ocrx_word' id='word_1_142' title='bbox 715 2557 846 2633; x_wconf 84' lang='lat' dir='ltr'><strong>civilem,</strong></span> <span class='ocrx_word' id='word_1_143' title='bbox 882 2558 1051 2622; x_wconf 79' lang='lat' dir='ltr'><strong>accuratius</strong></span> <span class='ocrx_word' id='word_1_144' title='bbox 1081 2576 1266 2642; x_wconf 78' lang='lat' dir='ltr'><strong>cognoscere</strong></span> 
     </span>
     <span class='ocr_line' id='line_1_19' title="bbox 130 2666 1266 2758; baseline -0.002 -22"><span class='ocrx_word' id='word_1_145' title='bbox 130 2672 265 2757; x_wconf 87' lang='lat' dir='ltr'><strong>cupiant,</strong></span> <span class='ocrx_word' id='word_1_146' title='bbox 292 2676 377 2756; x_wconf 86' lang='lat' dir='ltr'><strong>grata</strong></span> <span class='ocrx_word' id='word_1_147' title='bbox 400 2673 464 2737; x_wconf 87' lang='lat' dir='ltr'><strong>fore</strong></span> <span class='ocrx_word' id='word_1_148' title='bbox 493 2678 583 2755; x_wconf 88' lang='lat' dir='ltr'><strong>atque</strong></span> <span class='ocrx_word' id='word_1_149' title='bbox 613 2677 735 2758; x_wconf 84' lang='lat' dir='ltr'><strong>accepta</strong></span> <span class='ocrx_word' id='word_1_150' title='bbox 758 2666 955 2740; x_wconf 84' lang='lat' dir='ltr'><strong>confidamus.</strong></span> <span class='ocrx_word' id='word_1_151' title='bbox 1004 2671 1130 2742; x_wconf 78' lang='lat' dir='ltr'><strong>Quoia</strong></span> <span class='ocrx_word' id='word_1_152' title='bbox 1154 2690 1266 2756; x_wconf 83' lang='lat' dir='ltr'><strong>genere</strong></span> 
     </span>
     <span class='ocr_line' id='line_1_20' title="bbox 130 2785 1267 2870; baseline 0.001 -22"><span class='ocrx_word' id='word_1_153' title='bbox 130 2804 181 2848; x_wconf 83' lang='lat' dir='ltr'><strong>eas</strong></span> <span class='ocrx_word' id='word_1_154' title='bbox 202 2805 251 2848; x_wconf 83' lang='lat' dir='ltr'><strong>res</strong></span> <span class='ocrx_word' id='word_1_155' title='bbox 287 2805 352 2848; x_wconf 86' lang='lat' dir='ltr'><strong>esse</strong></span> <span class='ocrx_word' id='word_1_156' title='bbox 390 2805 424 2849; x_wconf 89' lang='lat' dir='ltr'><strong>ao</strong></span> <span class='ocrx_word' id='word_1_157' title='bbox 456 2788 693 2850; x_wconf 85' lang='lat' dir='ltr'><strong>concertationes</strong></span> <span class='ocrx_word' id='word_1_158' title='bbox 728 2787 945 2857; x_wconf 82' lang='lat' dir='ltr'><strong>ecclesiasticas</strong></span> <span class='ocrx_word' id='word_1_159' title='bbox 976 2785 1112 2870; x_wconf 88' lang='lat' dir='ltr'><strong>plerique</strong></span> <span class='ocrx_word' id='word_1_160' title='bbox 1145 2789 1267 2869; x_wconf 86' lang='lat' dir='ltr'><strong>reputa·</strong></span> 
     </span>
     <span class='ocr_line' id='line_1_21' title="bbox 129 2895 1267 2985; baseline 0.001 -23"><span class='ocrx_word' id='word_1_161' title='bbox 129 2895 220 2977; x_wconf 90' lang='lat' dir='ltr'><strong>bunt,</strong></span> <span class='ocrx_word' id='word_1_162' title='bbox 245 2918 319 2982; x_wconf 87' lang='lat' dir='ltr'><strong>quas</strong></span> <span class='ocrx_word' id='word_1_163' title='bbox 341 2900 476 2983; x_wconf 89' lang='lat' dir='ltr'><strong>proxime</strong></span> <span class='ocrx_word' id='word_1_164' title='bbox 499 2901 668 2985; x_wconf 85' lang='lat' dir='ltr'><strong>tetigimus.</strong></span> <span class='ocrx_word' id='word_1_165' title='bbox 718 2899 784 2964; x_wconf 86' lang='lat' dir='ltr'><strong>Has</strong></span> <span class='ocrx_word' id='word_1_166' title='bbox 814 2902 895 2964; x_wconf 91' lang='lat' dir='ltr'><strong>enim</strong></span> <span class='ocrx_word' id='word_1_167' title='bbox 925 2898 962 2964; x_wconf 84' lang='lat' dir='ltr'><strong>ab</strong></span> <span class='ocrx_word' id='word_1_168' title='bbox 990 2900 1031 2963; x_wconf 85' lang='lat' dir='ltr'><strong>iis</strong></span> <span class='ocrx_word' id='word_1_169' title='bbox 1052 2898 1103 2962; x_wconf 79' lang='lat' dir='ltr'><strong>htc</strong></span> <span class='ocrx_word' id='word_1_170' title='bbox 1125 2903 1267 2963; x_wconf 87' lang='lat' dir='ltr'><strong>accurate</strong></span> 
     </span>
     <span class='ocr_line' id='line_1_22' title="bbox 129 3011 1263 3098; baseline 0.001 -23"><span class='ocrx_word' id='word_1_171' title='bbox 129 3017 264 3077; x_wconf 87' lang='lat' dir='ltr'><strong>narratas</strong></span> <span class='ocrx_word' id='word_1_172' title='bbox 275 3011 432 3076; x_wconf 86' lang='lat' dir='ltr'><strong>invenient</strong></span> <span class='ocrx_word' id='word_1_173' title='bbox 447 3016 478 3076; x_wconf 88' lang='lat' dir='ltr'><strong>et</strong></span> <span class='ocrx_word' id='word_1_174' title='bbox 493 3017 579 3077; x_wconf 90' lang='lat' dir='ltr'><strong>acute</strong></span> <span class='ocrx_word' id='word_1_175' title='bbox 595 3013 786 3098; x_wconf 83' lang='lat' dir='ltr'><strong>dijudicatas,</strong></span> <span class='ocrx_word' id='word_1_176' title='bbox 801 3015 865 3098; x_wconf 90' lang='lat' dir='ltr'><strong>qui,</strong></span> <span class='ocrx_word' id='word_1_177' title='bbox 881 3015 999 3078; x_wconf 85' lang='lat' dir='ltr'><strong>diverso</strong></span> <span class='ocrx_word' id='word_1_178' title='bbox 1013 3019 1141 3097; x_wconf 82' lang='lat' dir='ltr'><strong>uterque</strong></span> <span class='ocrx_word' id='word_1_179' title='bbox 1159 3013 1263 3090; x_wconf 90' lang='lat' dir='ltr'><strong>modo,</strong></span> 
     </span>
     <span class='ocr_line' id='line_1_23' title="bbox 129 3127 1265 3214; baseline 0 -24"><span class='ocrx_word' id='word_1_180' title='bbox 129 3149 233 3192; x_wconf 72' lang='lat' dir='ltr'><strong>cacum</strong></span> <span class='ocrx_word' id='word_1_181' title='bbox 254 3136 407 3214; x_wconf 68' lang='lat' dir='ltr'><strong>caetorum</strong></span> <span class='ocrx_word' id='word_1_182' title='bbox 430 3149 543 3212; x_wconf 66' lang='lat' dir='ltr'><strong>macno</strong></span> <span class='ocrx_word' id='word_1_183' title='bbox 562 3149 644 3213; x_wconf 81' lang='lat' dir='ltr'><strong>para</strong></span> <span class='ocrx_word' id='word_1_184' title='bbox 668 3130 796 3194; x_wconf 87' lang='lat' dir='ltr'><strong>fuerant.</strong></span> <span class='ocrx_word' id='word_1_185' title='bbox 845 3131 948 3214; x_wconf 84' lang='lat' dir='ltr'><strong>Atque</strong></span> <span class='ocrx_word' id='word_1_186' title='bbox 979 3127 1083 3192; x_wconf 69' lang='lat' dir='ltr'><strong>mdem</strong></span> <span class='ocrx_word' id='word_1_187' title='bbox 1114 3149 1149 3191; x_wconf 89' lang='lat' dir='ltr'><strong>ea</strong></span> <span class='ocrx_word' id='word_1_188' title='bbox 1172 3129 1265 3191; x_wconf 90' lang='lat' dir='ltr'><strong>etiam</strong></span> 
     </span>
     <span class='ocr_line' id='line_1_24' title="bbox 129 3227 1266 3328; baseline 0.002 -22"><span class='ocrx_word' id='word_1_189' title='bbox 129 3243 253 3307; x_wconf 93' lang='lat' dir='ltr'><strong>omnino</strong></span> <span class='ocrx_word' id='word_1_190' title='bbox 275 3227 441 3322; x_wconf 79' lang='lat' dir='ltr'><strong>retulerim,</strong></span> <span class='ocrx_word' id='word_1_191' title='bbox 467 3264 543 3327; x_wconf 87' lang='lat' dir='ltr'><strong>quae</strong></span> <span class='ocrx_word' id='word_1_192' title='bbox 566 3265 634 3310; x_wconf 91' lang='lat' dir='ltr'><strong>cum</strong></span> <span class='ocrx_word' id='word_1_193' title='bbox 658 3244 695 3308; x_wconf 88' lang='lat' dir='ltr'><strong>de</strong></span> <span class='ocrx_word' id='word_1_194' title='bbox 718 3246 812 3320; x_wconf 83' lang='lat' dir='ltr'><strong>tristi,</strong></span> <span class='ocrx_word' id='word_1_195' title='bbox 836 3260 913 3328; x_wconf 89' lang='lat' dir='ltr'><strong>quae</strong></span> <span class='ocrx_word' id='word_1_196' title='bbox 934 3245 1058 3308; x_wconf 90' lang='lat' dir='ltr'><strong>ineunte</strong></span> <span class='ocrx_word' id='word_1_197' title='bbox 1081 3242 1139 3306; x_wconf 87' lang='lat' dir='ltr'><strong>hoc</strong></span> <span class='ocrx_word' id='word_1_198' title='bbox 1160 3242 1266 3308; x_wconf 88' lang='lat' dir='ltr'><strong>seculo</strong></span> 
     </span>
     <span class='ocr_line' id='line_1_25' title="bbox 127 3356 1262 3442; baseline 0.002 -21"><span class='ocrx_word' id='word_1_199' title='bbox 127 3357 237 3431; x_wconf 77' lang='lat' dir='ltr'><strong>ruerit,</strong></span> <span class='ocrx_word' id='word_1_200' title='bbox 263 3356 446 3442; x_wconf 83' lang='lat' dir='ltr'><strong>Theologiae</strong></span> <span class='ocrx_word' id='word_1_201' title='bbox 469 3359 502 3421; x_wconf 93' lang='lat' dir='ltr'><strong>in</strong></span> <span class='ocrx_word' id='word_1_202' title='bbox 525 3359 689 3423; x_wconf 65' lang='lat' dir='ltr'><strong>Germanii</strong></span> <span class='ocrx_word' id='word_1_203' title='bbox 712 3359 903 3435; x_wconf 90' lang='lat' dir='ltr'><strong>conditione,</strong></span> <span class='ocrx_word' id='word_1_204' title='bbox 929 3364 995 3422; x_wconf 90' lang='lat' dir='ltr'><strong>tum</strong></span> <span class='ocrx_word' id='word_1_205' title='bbox 1019 3357 1056 3421; x_wconf 90' lang='lat' dir='ltr'><strong>de</strong></span> <span class='ocrx_word' id='word_1_206' title='bbox 1079 3358 1262 3439; x_wconf 87' lang='lat' dir='ltr'><strong>Borussiae‚</strong></span> 
     </span>
     <span class='ocr_line' id='line_1_26' title="bbox 126 3469 1266 3558; baseline 0.004 -24"><span class='ocrx_word' id='word_1_207' title='bbox 126 3469 249 3534; x_wconf 84' lang='lat' dir='ltr'><strong>Silesiae</strong></span> <span class='ocrx_word' id='word_1_208' title='bbox 271 3471 431 3555; x_wconf 82' lang='lat' dir='ltr'><strong>imprimis,</strong></span> <span class='ocrx_word' id='word_1_209' title='bbox 456 3494 485 3536; x_wconf 89' lang='lat' dir='ltr'><strong>a.</strong></span> <span class='ocrx_word' id='word_1_210' title='bbox 514 3473 613 3550; x_wconf 81' lang='grc'><strong>1813,</strong></span> <span class='ocrx_word' id='word_1_211' title='bbox 640 3474 763 3558; x_wconf 87' lang='lat' dir='ltr'><strong>ancipiti</strong></span> <span class='ocrx_word' id='word_1_212' title='bbox 787 3478 880 3549; x_wconf 84' lang='lat' dir='ltr'><strong>statu,</strong></span> <span class='ocrx_word' id='word_1_213' title='bbox 902 3473 939 3536; x_wconf 88' lang='lat' dir='ltr'><strong>ad</strong></span> <span class='ocrx_word' id='word_1_214' title='bbox 963 3473 1104 3537; x_wconf 91' lang='lat' dir='ltr'><strong>Amicum</strong></span> <span class='ocrx_word' id='word_1_215' title='bbox 1128 3473 1266 3538; x_wconf 85' lang='lat' dir='ltr'><strong>referen-</strong></span> 
     </span>
    </p>
   </div>
   <div class='ocr_carea' id='block_1_6' title="bbox 121 3684 272 3697">
    <p class='ocr_par' dir='ltr' id='par_1_6' title="bbox 121 3684 272 3697">
     <span class='ocr_line' id='line_1_27' title="bbox 121 3684 272 3697; baseline -0.007 -2"><span class='ocrx_word' id='word_1_216' title='bbox 121 3684 272 3697; x_wconf 49' lang='grc' dir='ltr'><strong>*Μ</strong></span> 
     </span>
    </p>
   </div>
   <div class='ocr_carea' id='block_1_7' title="bbox 126 3829 1266 4452">
    <p class='ocr_par' dir='ltr' id='par_1_7' title="bbox 126 3829 1266 4452">
     <span class='ocr_line' id='line_1_28' title="bbox 163 3829 1265 3897; baseline -0.001 -18"><span class='ocrx_word' id='word_1_217' title='bbox 163 3829 203 3894; x_wconf 89' lang='grc'><strong>(1)</strong></span> <span class='ocrx_word' id='word_1_218' title='bbox 220 3829 248 3880; x_wconf 89' lang='lat' dir='ltr'><strong>J.</strong></span> <span class='ocrx_word' id='word_1_219' title='bbox 266 3830 297 3882; x_wconf 79' lang='grc' dir='ltr'><strong>Ο.</strong></span> <span class='ocrx_word' id='word_1_220' title='bbox 317 3831 405 3894; x_wconf 82' lang='lat' dir='ltr'><strong>Gaea,</strong></span> <span class='ocrx_word' id='word_1_221' title='bbox 424 3833 483 3883; x_wconf 76' lang='lat' dir='ltr'><strong>atter</strong></span> <span class='ocrx_word' id='word_1_222' title='bbox 499 3831 543 3882; x_wconf 83' lang='lat' dir='ltr'><strong>den</strong></span> <span class='ocrx_word' id='word_1_223' title='bbox 559 3831 655 3884; x_wconf 75' lang='lat' dir='ltr'><strong>Christi.</strong></span> <span class='ocrx_word' id='word_1_224' title='bbox 669 3831 761 3896; x_wconf 63' lang='lat' dir='ltr'><strong>culae·</strong></span> <span class='ocrx_word' id='word_1_225' title='bbox 780 3831 895 3892; x_wconf 84' lang='lat' dir='ltr'><strong>Braslou,</strong></span> <span class='ocrx_word' id='word_1_226' title='bbox 915 3837 987 3882; x_wconf 84' lang='lat'>1815.</span> <span class='ocrx_word' id='word_1_227' title='bbox 1024 3832 1082 3894; x_wconf 76' lang='lat' dir='ltr'><strong>Qua</strong></span> <span class='ocrx_word' id='word_1_228' title='bbox 1097 3832 1128 3883; x_wconf 84' lang='lat' dir='ltr'><strong>de</strong></span> <span class='ocrx_word' id='word_1_229' title='bbox 1149 3832 1265 3897; x_wconf 81' lang='lat' dir='ltr'><strong>disputa.</strong></span> 
     </span>
     <span class='ocr_line' id='line_1_29' title="bbox 128 3901 1266 3990; baseline 0.004 -19"><span class='ocrx_word' id='word_1_230' title='bbox 128 3922 198 3972; x_wconf 83' lang='lat' dir='ltr'><strong>tione</strong></span> <span class='ocrx_word' id='word_1_231' title='bbox 215 3922 317 3972; x_wconf 87' lang='lat' dir='ltr'><strong>Peltii</strong></span> <span class='ocrx_word' id='word_1_232' title='bbox 331 3924 456 3986; x_wconf 86' lang='lat' dir='ltr'><strong>judicium</strong></span> <span class='ocrx_word' id='word_1_233' title='bbox 479 3935 580 3975; x_wconf 85' lang='lat' dir='ltr'><strong>secutus</strong></span> <span class='ocrx_word' id='word_1_234' title='bbox 603 3941 674 3980; x_wconf 85' lang='lat' dir='ltr'><strong>sum.</strong></span> <span class='ocrx_word' id='word_1_235' title='bbox 700 3924 767 3975; x_wconf 74' lang='lat' dir='ltr'><strong>theol.</strong></span> <span class='ocrx_word' id='word_1_236' title='bbox 788 3923 890 3990; x_wconf 73' lang='lat' dir='ltr'><strong>Encycl.</strong></span> <span class='ocrx_word' id='word_1_237' title='bbox 910 3941 935 3989; x_wconf 85' lang='lat' dir='ltr'><strong>p.</strong></span> <span class='ocrx_word' id='word_1_238' title='bbox 957 3930 1014 3975; x_wconf 79' lang='lat'><strong>596.</strong></span> <span class='ocrx_word' id='word_1_239' title='bbox 1050 3901 1171 3983; x_wconf 66' lang='lat' dir='ltr'><strong>Caetera,</strong></span> <span class='ocrx_word' id='word_1_240' title='bbox 1198 3941 1266 3989; x_wconf 87' lang='lat' dir='ltr'><strong>quae</strong></span> 
     </span>
     <span class='ocr_line' id='line_1_30' title="bbox 127 4016 1266 4085; baseline 0.004 -21"><span class='ocrx_word' id='word_1_241' title='bbox 127 4017 191 4078; x_wconf 87' lang='lat' dir='ltr'><strong>mihi</strong></span> <span class='ocrx_word' id='word_1_242' title='bbox 206 4017 308 4080; x_wconf 86' lang='lat' dir='ltr'><strong>quidem</strong></span> <span class='ocrx_word' id='word_1_243' title='bbox 331 4019 498 4077; x_wconf 85' lang='lat' dir='ltr'><strong>innotuerint,</strong></span> <span class='ocrx_word' id='word_1_244' title='bbox 523 4017 634 4082; x_wconf 82' lang='lat' dir='ltr'><strong>ejusdem</strong></span> <span class='ocrx_word' id='word_1_245' title='bbox 660 4018 770 4070; x_wconf 83' lang='lat' dir='ltr'><strong>Gaszii</strong></span> <span class='ocrx_word' id='word_1_246' title='bbox 785 4019 856 4085; x_wconf 60' lang='lat' dir='ltr'><strong>⁴haec</strong></span> <span class='ocrx_word' id='word_1_247' title='bbox 876 4024 935 4068; x_wconf 85' lang='lat' dir='ltr'><strong>sunt</strong></span> <span class='ocrx_word' id='word_1_248' title='bbox 952 4019 1058 4082; x_wconf 76' lang='lat' dir='ltr'><strong>scripta:</strong></span> <span class='ocrx_word' id='word_1_249' title='bbox 1082 4016 1200 4082; x_wconf 72' lang='lat' dir='ltr'><strong>Beitrtqc</strong></span> <span class='ocrx_word' id='word_1_250' title='bbox 1219 4034 1266 4069; x_wconf 76' lang='lat' dir='ltr'><strong>zur</strong></span> 
     </span>
     <span class='ocr_line' id='line_1_31' title="bbox 130 4107 1263 4178; baseline -0.002 -18"><span class='ocrx_word' id='word_1_251' title='bbox 130 4109 286 4176; x_wconf 74' lang='lat' dir='ltr'><strong>Verbrea&#39;tuaq</strong></span> <span class='ocrx_word' id='word_1_252' title='bbox 302 4111 365 4161; x_wconf 81' lang='lat' dir='ltr'><strong>ciues</strong></span> <span class='ocrx_word' id='word_1_253' title='bbox 384 4111 451 4178; x_wconf 74' lang='lat' dir='ltr'><strong>reliq.</strong></span> <span class='ocrx_word' id='word_1_254' title='bbox 473 4110 560 4162; x_wconf 76' lang='lat' dir='ltr'><strong>Siccae</strong></span> <span class='ocrx_word' id='word_1_255' title='bbox 578 4112 602 4162; x_wconf 80' lang='lat' dir='ltr'><strong>ia</strong></span> <span class='ocrx_word' id='word_1_256' title='bbox 622 4109 735 4174; x_wconf 78' lang='lat' dir='ltr'><strong>Pradd.,·</strong></span> <span class='ocrx_word' id='word_1_257' title='bbox 758 4108 851 4166; x_wconf 63' lang='lat' dir='ltr'><strong>Statum</strong></span> <span class='ocrx_word' id='word_1_258' title='bbox 874 4113 947 4158; x_wconf 82' lang='lat'>180³.</span> <span class='ocrx_word' id='word_1_259' title='bbox 968 4113 1046 4162; x_wconf 71' lang='lat'>18053</span> <span class='ocrx_word' id='word_1_260' title='bbox 1067 4134 1099 4144; x_wconf 91' lang='lat'><strong>-·</strong></span> <span class='ocrx_word' id='word_1_261' title='bbox 1118 4107 1263 4174; x_wconf 74' lang='lat' dir='ltr'><strong>Prodiqtan,</strong></span> 
     </span>
     <span class='ocr_line' id='line_1_32' title="bbox 126 4200 1262 4268; baseline -0.001 -16"><span class='ocrx_word' id='word_1_262' title='bbox 126 4204 232 4254; x_wconf 58' lang='lat' dir='ltr'><strong>metatores</strong></span> <span class='ocrx_word' id='word_1_263' title='bbox 249 4203 286 4253; x_wconf 82' lang='lat' dir='ltr'><strong>bai</strong></span> <span class='ocrx_word' id='word_1_264' title='bbox 302 4202 396 4254; x_wconf 80' lang='lat' dir='ltr'><strong>besond.</strong></span> <span class='ocrx_word' id='word_1_265' title='bbox 437 4204 576 4256; x_wconf 81' lang='lat' dir='ltr'><strong>Varanloas.</strong></span> <span class='ocrx_word' id='word_1_266' title='bbox 593 4205 676 4256; x_wconf 83' lang='lat' dir='ltr'><strong>Barol.</strong></span> <span class='ocrx_word' id='word_1_267' title='bbox 697 4211 775 4261; x_wconf 71' lang='lat'>18063</span> <span class='ocrx_word' id='word_1_268' title='bbox 795 4230 827 4241; x_wconf 89' lang='lat'>-</span> <span class='ocrx_word' id='word_1_269' title='bbox 846 4201 936 4253; x_wconf 78' lang='lat' dir='ltr'><strong>Jaaro.</strong></span> <span class='ocrx_word' id='word_1_270' title='bbox 955 4203 997 4253; x_wconf 80' lang='lat' dir='ltr'><strong>das</strong></span> <span class='ocrx_word' id='word_1_271' title='bbox 1010 4212 1076 4268; x_wconf 81' lang='lat' dir='ltr'><strong>prot.</strong></span> <span class='ocrx_word' id='word_1_272' title='bbox 1093 4200 1216 4252; x_wconf 80' lang='lat' dir='ltr'><strong>Kirclren-</strong></span> <span class='ocrx_word' id='word_1_273' title='bbox 1237 4219 1262 4252; x_wconf 83' lang='lat' dir='ltr'><strong>u.</strong></span> 
     </span>
     <span class='ocr_line' id='line_1_33' title="bbox 126 4293 1265 4360; baseline -0.004 -13"><span class='ocrx_word' id='word_1_274' title='bbox 126 4295 285 4348; x_wconf 79' lang='lat' dir='ltr'><strong>Schalwcsens</strong></span> <span class='ocrx_word' id='word_1_275' title='bbox 310 4298 335 4347; x_wconf 85' lang='lat' dir='ltr'><strong>in</strong></span> <span class='ocrx_word' id='word_1_276' title='bbox 358 4295 493 4360; x_wconf 60' lang='lat' dir='ltr'><strong>Seleuciam</strong></span> <span class='ocrx_word' id='word_1_277' title='bbox 520 4296 659 4348; x_wconf 78' lang='lat' dir='ltr'><strong>Wratislav.</strong></span> <span class='ocrx_word' id='word_1_278' title='bbox 686 4301 861 4349; x_wconf 82' lang='grc'><strong>1817-1820.</strong></span> <span class='ocrx_word' id='word_1_279' title='bbox 889 4296 930 4346; x_wconf 87' lang='lat' dir='ltr'><strong>lv</strong></span> <span class='ocrx_word' id='word_1_280' title='bbox 957 4293 1039 4352; x_wconf 83' lang='lat' dir='ltr'>V011.;</span> <span class='ocrx_word' id='word_1_281' title='bbox 1061 4321 1092 4332; x_wconf 93' lang='lat'><em>—</em></span> <span class='ocrx_word' id='word_1_282' title='bbox 1119 4293 1200 4344; x_wconf 86' lang='lat' dir='ltr'><strong>Uabar</strong></span> <span class='ocrx_word' id='word_1_283' title='bbox 1217 4293 1265 4344; x_wconf 72' lang='lat' dir='ltr'><strong>dcc</strong></span> 
     </span>
     <span class='ocr_line' id='line_1_34' title="bbox 131 4387 1260 4452; baseline 0.003 -12"><span class='ocrx_word' id='word_1_284' title='bbox 131 4387 213 4440; x_wconf 77' lang='lat' dir='ltr'><strong>Wesen</strong></span> <span class='ocrx_word' id='word_1_285' title='bbox 230 4389 273 4440; x_wconf 83' lang='lat' dir='ltr'><strong>der</strong></span> <span class='ocrx_word' id='word_1_286' title='bbox 289 4388 479 4452; x_wconf 71' lang='lat' dir='ltr'><strong>Kircteazuct25</strong></span> <span class='ocrx_word' id='word_1_287' title='bbox 498 4389 590 4451; x_wconf 80' lang='lat' dir='ltr'><strong>itidem,</strong></span> <span class='ocrx_word' id='word_1_288' title='bbox 612 4395 686 4441; x_wconf 78' lang='grc'><strong>1819.</strong></span> <span class='ocrx_word' id='word_1_289' title='bbox 1257 4387 1260 4397; x_wconf 80' lang='grc'><strong>’</strong></span> 
     </span>
    </p>
   </div>
   <div class='ocr_carea' id='block_1_8' title="bbox 0 0 1396 4958">
    <p class='ocr_par' dir='ltr' id='par_1_8' title="bbox 0 0 1396 4958">
     <span class='ocr_line' id='line_1_35' title="bbox 0 0 1396 4958; baseline 0 0"><span class='ocrx_word' id='word_1_290' title='bbox 0 0 1396 4958; x_wconf 95' lang='lat' dir='ltr'><strong> </strong></span> 
     </span>
    </p>
   </div>
  </div>
 </body>
</html>
