2782 4958
127 304 168 365 56
536 285 540 290 ’
627 321 783 364 trsuoaurr

125 492 162 554 ad
192 489 346 575 publicum
378 512 467 556 neum
498 491 638 576 deinceps
667 491 846 569 illustratis,
878 494 996 574 praeter
1025 489 1201 573 Euangelic
1229 490 1257 551 et

128 607 220 682 Acta,
243 604 376 690 epistolis
400 606 436 669 ad
452 606 620 682 Romanoa,
643 608 772 690 utruque
788 605 824 668 ad
845 603 1031 681 Corinthios,
1054 602 1090 666 ad
1115 600 1257 680 Galatae,

128 721 291 806 Eplaaioa,
316 720 538 807 Philippenses,
558 720 740 786 Coloaaeneae
761 721 1039 804 Ptibmonemqac.
1075 716 1176 789 Quam
1191 738 1259 802 pro·

127 836 206 899 fecto
225 836 399 900 felicitatem
416 836 504 913 Viro,
519 837 632 900 nostrie
646 836 684 899 de
699 836 827 900 Litteris
841 836 953 920 optime
968 835 1090 911 merito,
1108 855 1145 898 ex
1161 834 1261 898 animo

129 949 315 1034 gratulemur
337 956 467 1035 oportet.
515 950 586 1016 Jam
610 972 682 1015 vero
704 950 835 1035 primas,
858 971 934 1035 quae
957 948 1123 1023 instabant,
1148 953 1259 1032 partes,

128 1063 158 1127 id
184 1069 231 1128 est
254 1065 543 1129 modo'memoratas
564 1066 784 1150 interpretandi
799 1065 836 1129 ad
862 1065 1135 1131 Thessalonicenses
1153 1065 1263 1148 episto·

128 1177 189 1254 las,
212 1178 461 1243 Iatincmanno
483 1180 620 1244 tradidit.
668 1179 768 1251 Quem
791 1185 912 1244 strenue
934 1185 1057 1244 secutus
1078 1178 1168 1244 Joh.
1196 1177 1260 1243 ud.

127 1291 305 1371 Hiither,
328 1294 461 1377 ejusdem
484 1291 543 1357 sub
566 1295 709 1379 auspiciis
733 1293 904 1377 Meyeri,
927 1294 1058 1378 primum
1087 1292 1124 1356 ad
1156 1293 1263 1357 Timo·

128 1406 226 1471 tticum
253 1408 412 1492 Titumque
438 1406 578 1493 epistolas
612 1408 791 1472 enarrandas
818 1407 876 1472 sibi
899 1409 1024 1486 sumsit,
1053 1429 1111 1471 nec
1142 1409 1187 1472 ite
1211 1408 1264 1472 diu

129 1526 199 1605 post
220 1531 380 1607 utramque
398 1520 559 1587 Petrinum
576 1544 614 1588 ac
636 1523 743 1589 Jadnc
759 1523 914 1608 epistolam
937 1522 1003 1608 (1).
1049 1521 1108 1587 Sed
1127 1521 1164 1585 de
1189 1521 1264 1586 He·

130 1633 244 1699 thero
274 1636 398 1699 forsitan
421 1636 504 1700 alias.
553 1636 624 1701 Jam
646 1639 727 1701 enim
751 1644 782 1702 et
805 1637 843 1701 de
873 1639 986 1702 relecto
1008 1637 1143 1701 veterani
1165 1636 1265 1702 Inter·

131 1750 226 1834 pratis
248 1750 280 1812 in
298 1749 453 1834 epistolam
477 1751 513 1814 ad
537 1749 667 1819 Galatas
690 1753 904 1816 commentario
922 1771 1015 1836 panca
1035 1749 1124 1815 nobis
1139 1750 1266 1814 dicenda

133 1868 223 1936 sunt,
257 1869 288 1927 et
315 1864 470 1940 aenove,
504 1889 592 1950 quam
616 1889 633 1930 a
656 1866 912 1931 Ltinemanno
942 1866 1079 1930 collatam
1105 1864 1262 1944 videmus,

133 1978 279 2062 symbola.
328 1980 516 2065 Quamquam
541 1983 577 2045 de
612 1981 754 2046 universa
776 1980 860 2044 illiue
885 1981 1000 2043 ratione
1021 1985 1052 2041 et
1078 2001 1114 2042 ex
1138 1978 1266 2043 aliorum

134 2095 171 2158 de
193 2096 292 2180 priore
315 2097 448 2161 editione
473 2096 517 2180 (tl
542 2097 723 2161 testimoniis
745 2102 776 2160 et
797 2097 909 2160 nostris
931 2119 967 2159 ex
998 2096 1088 2159 dictis
1111 2096 1185 2159 satis
1205 2096 1266 2180 jam

134 2211 281 2274 constitit.
329 2211 383 2274 use
407 2211 480 2275 haec
502 2213 598 2297 igitur
622 2234 654 2276 re
675 2216 706 2275 et
728 2212 853 2275 veritate
883 2217 970 2274 aneta
998 2217 1089 2295 atque
1111 2211 1267 2274 emendata

134 2326 247 2402 editio,
272 2328 332 2410 qud
355 2347 478 2406 eornm,
510 2348 586 2410 quae
609 2332 677 2410 post
700 2325 882 2413 publicatam
905 2326 1035 2409 priorem
1068 2325 1104 2388 ad
1127 2325 1267 2410 Apostoli

135 2438 279 2521 scriptum
303 2437 513 2504 illustrandum
536 2437 573 2502 ab
596 2438 663 2502 aliis
683 2439 770 2503 allata
791 2440 864 2513 sint,
891 2440 1074 2504 monitorum
1090 2440 1267 2525 diligentem

135 2572 166 2614 se
197 2552 343 2615 rationem
368 2550 526 2626 habuisse,
553 2573 613 2614 non
646 2549 735 2614 lallex
762 2572 818 2614 nec
844 2572 944 2617 rerum
968 2558 1119 2637 gestarum
1138 2552 1270 2636 jactator

135 2665 261 2729 affirmat
282 2670 411 2730 Auctor.
436 2666 533 2748 Cujus
550 2664 625 2729 mihi
649 2671 731 2730 certe
746 2667 877 2750 apprime
892 2667 990 2750 placet
1012 2687 1089 2730 nove
1108 2667 1267 2750 praelatio,

136 2781 289 2865 eleganter
311 2802 367 2846 neo
387 2783 451 2845 sinc
474 2783 620 2846 orationis
638 2782 738 2846 nervis
758 2781 871 2864 scripta
889 2780 948 2844 illa.
984 2779 1055 2851 Qua
1073 2787 1104 2844 et
1125 2783 1271 2866 epistolae

133 2869 229 2979 plane
253 2894 420 2960 Peullinac
441 2897 651 2981 praestantiam
675 2893 785 2959 debitis
807 2895 959 2980 praedicat
976 2894 1124 2973 laudibus,
1140 2902 1171 2960 et
1186 2897 1272 2981 justa

140 3029 207 3072 cum
231 3008 440 3094 indignatione
462 3008 668 3073 Baunonia
691 3008 836 3073 Baueri
860 3009 998 3093 repudiat
1021 3010 1187 3086 audaciam,
1217 3013 1272 3095 qui

139 3123 311 3206 nuperrime
335 3121 425 3206 hujus
446 3145 575 3208 qnoque,
598 3145 657 3208 quo
679 3123 796 3188 nnllam
820 3125 959 3188 testatius
982 3130 1038 3200 eet,
1065 3126 1170 3209 scripti
1199 3147 1271 3189 con·

110 3277 113 3291 .
140 3236 248 3302 vellere
272 3237 428 3301 studuerat
454 3239 663 3302 anctoritatem
687 3237 747 3325 (3).
774 3237 874 3311 Quem
899 3261 969 3304 vero
991 3262 1029 3303 ne
1048 3244 1188 3325 accurata
1204 3244 1273 3328 qni·

143 3431 309 3445 ...η-ιι...

176 3566 211 3628 (ι)
231 3564 304 3617 Gaea.
325 3563 388 3616 'reno
408 3575 432 3616 et
455 3571 528 3616 18⁵2.

111 3653 113 3656 ’
178 3661 215 3720 (2)
234 3660 332 3711 Prodiit
342 3660 426 3710 Goett.
443 3666 516 3718 1841,
531 3661 708 3725 pagghabens
718 3666 776 3720 ate,
792 3675 899 3724 quarum
913 3676 1047 3712 nnmerum
1062 3675 1120 3711 enm
1130 3661 1156 3710 in
1170 3663 1275 3713 modam

141 3756 214 3805 auxit
230 3755 320 3810 alters,
339 3762 367 3804 ut
382 3755 472 3804 habeat
488 3759 545 3805 246.

179 3850 215 3910 (3)
234 3849 347 3912 Hujusce
366 3847 481 3898 Baueri
500 3850 699 3899 recentissimum
717 3865 781 3912 opus
799 3857 914 3908 exstare,
939 3850 1141 3913 comptioribus
1160 3848 1276 3910 ejusdem

143 3944 243 4006 generis
254 3957 305 3992 non
314 3943 520 3992 confundendum
535 3941 608 4000 illud,
627 3941 755 3998 novimus,
766 3943 833 4004 quod
843 3941 982 4004 inscripsit:
995 3940 1026 3989 K
1025 3940 1089 3990 riae.
1100 3941 1143 3991 der
1156 3940 1275 4006 Evanyp.

144 4053 166 4084 s.
184 4032 318 4084 Gcaclielete
336 4034 399 4083 iteres
423 4034 575 4099 Ursprunpa·
599 4033 668 4083 Berl.
691 4039 762 4086 1850.
799 4031 848 4084 Cui
865 4035 913 4099 ipsi
929 4036 999 4099 operi
1020 4034 1079 4083 bina
1098 4033 1189 4098 adjecit
1209 4032 1278 4099 Sup-

142 4129 270 4194 plementa,
295 4143 404 4192 qnorum
421 4130 530 4179 alterurn
553 4131 612 4178 item
635 4127 748 4192 Epistoll.
768 4126 936 4178 Paullincrem
960 4126 1061 4177 Geiriccn
1082 4127 1156 4176 dixit.
1191 4125 1278 4192 Hujus

146 4223 223 4286 igitur
241 4221 330 4286 Suppl.
348 4222 446 4286 priores
467 4225 497 4272 75
515 4238 589 4287 pagg.
606 4237 658 4271 nou
684 4220 830 4270 Paullinam
849 4234 904 4270 esse
922 4231 1038 4284 pugnant
1051 4237 1089 4285 ep.
1109 4219 1144 4270 ad
1162 4218 1275 4279 Galatea,

146 4317 344 4381 necquicquam
364 4317 506 4374 continere,
525 4317 574 4366 nisi
591 4332 623 4366 ex
641 4324 697 4379 epp.
717 4317 749 4364 ad
771 4313 839 4364 Rom.
855 4321 880 4364 et
897 4316 928 4364 ad
947 4312 1077 4365 Corinthios
1095 4315 1179 4378 inepte
1200 4320 1279 4378 atque

146 4409 245 4460 inflecte
262 4409 367 4460 conflata
385 4411 507 4474 quaedam
525 4411 641 4473 cogitata.
677 4410 741 4459 Ecce
760 4409 833 4460 vero!
850 4409 921 4471 qnasi
936 4409 1053 4458 credulos
1070 4408 1141 4458 ludat
1156 4407 1276 4465 lectores,
