2782 4958
150 333 216 395 144
545 351 585 392 na
608 350 708 393 uorsa
731 351 897 396 coroneris

148 633 272 697 cendam
294 633 422 718 putavit.
472 632 539 696 Nos
561 653 644 712 vero,
670 634 722 717 qui
746 634 840 698 studii
863 636 975 719 pariter
997 640 1087 719 atque
1109 637 1174 701 irae
1197 656 1280 700 cans·

147 767 194 811 sas
215 747 320 834 procul
343 745 500 822 habemns,
526 767 594 822 uec,
619 746 802 831 Pythiorum
825 749 922 812 instar
951 749 1153 826 oraculorum,
1179 748 1279 814 seculi

147 882 236 926 voces
259 881 444 938 veneramur,
469 882 529 924 non
553 881 621 924 raro
643 861 850 938 festinantius,
873 882 964 946 quam
985 862 1098 941 venus,
1117 862 1281 926 nonnullos

146 974 193 1041 N.
217 975 256 1040 Τ.
281 975 363 1039 locos
386 974 550 1040 Doctorem
574 976 730 1039 enarrasse
752 974 952 1040 Basilctinsem
976 977 1177 1041 concedamus
1192 997 1277 1061 opor·

148 1095 205 1163 tet;
241 1111 297 1154 nec
330 1111 447 1173 semper
469 1092 516 1168 et,
548 1111 638 1174 quam
657 1090 727 1174 jure
750 1089 910 1172 requirnnt
942 1088 1128 1167 Aristarchi,
1152 1091 1228 1153 curt
1250 1110 1283 1152 ac

148 1204 308 1290 diligentia
326 1204 524 1288 gravissimo,
547 1204 626 1288 quod
651 1209 839 1288 susceperat,
859 1205 893 1266 in
915 1224 1009 1287 penso
1028 1207 1181 1267 versatum
1202 1224 1279 1266 esse.

149 1316 264 1383 Verum
299 1316 460 1381 verborum
495 1318 728 1382 controversiam
762 1318 863 1402 potius
893 1316 1022 1393 habere,
1058 1338 1149 1401 qnam
1180 1338 1282 1381 rerum

149 1431 339 1519 gravitatem,
366 1431 475 1508 multa,
501 1453 576 1516 qnae
599 1433 628 1496 ei
651 1430 757 1516 objicit
773 1431 1051 1508 'Fritzschina
1086 1432 1180 1496 iidem
1203 1433 1283 1498 affir-

149 1565 276 1608 mamus.
304 1544 373 1608 Nec
396 1566 474 1624 raro,
501 1546 582 1610 nibil
602 1568 664 1611 csse
684 1548 758 1632 quia
781 1548 940 1610 camundo
955 1548 1053 1631 possit
1067 1548 1280 1630 macaria,

150 1660 215 1744 ejus
238 1659 402 1723 ostendunt
425 1659 681 1744 reprehensiones.
722 1660 789 1726 Nec
812 1681 883 1724 vero
898 1659 997 1745 digito
1019 1659 1102 1723 locos
1124 1659 1284 1724 ostendere

149 1773 242 1837 nimis
264 1773 386 1839 difficile
409 1775 562 1863 sit-quos
586 1776 705 1840 acutius
728 1798 762 1839 ao
786 1773 929 1839 subtilius
951 1775 1122 1860 illaquam
1146 1774 1205 1853 dic,
1233 1797 1284 1840 ex·

148 1887 318 1972 plicaverit.
368 1885 464 1966 Quid,
490 1889 570 1974 quod
594 1889 631 1952 de
654 1890 738 1954 Novi
761 1890 946 1954 Testamenti
969 1888 1217 1974 interpretatione
1240 1891 1282 1953 itu

148 1999 224 2066 bene
255 2004 399 2066 meruisse
431 2002 505 2068 mihi
536 2004 656 2069 videtur
687 1993 966 2080 De·Wettins,
996 2009 1031 2067 ut
1061 2003 1199 2088 exemplo
1228 2024 1283 2067 suo

151 2121 240 2202 atque
264 2118 445 2181 auctoritate
464 2119 602 2202 juniores
625 2118 703 2183 hand
727 2139 837 2202 paucos
852 2116 1023 2202 Theologos
1040 2114 1078 2180 ab
1095 2138 1199 2181 eorum
1216 2118 1284 2181 imi·

149 2230 249 2294 tendis
272 2229 356 2295 vitiis
380 2238 529 2310 avocaret,
561 2233 626 2316 qui,
659 2253 720 2317 quo
742 2230 906 2316 jactantius
928 2230 1092 2311 rationales
1114 2253 1146 2294 se
1169 2231 1284 2295 ferrent

148 2345 344 2430 interpretes,
368 2367 403 2409 eo
426 2346 548 2430 longius
572 2345 700 2410 subinde
723 2369 740 2409 a
762 2349 835 2410 saud
858 2346 973 2410 ratione
997 2343 1182 2410 aberrarent.
1224 2343 1302 2414 sed,

148 2458 206 2524 hoc
228 2460 341 2524 illaesis
364 2461 431 2524 dieo
455 2459 680 2524 Fritaschii
701 2459 854 2539 manibus,
879 2460 967 2543 cujus
989 2480 1049 2542 quo
1071 2459 1195 2542 majoris
1216 2481 1283 2524 eru·

148 2574 296 2638 ditissima
318 2574 407 2652 facio,
432 2571 543 2656 quibus
566 2574 725 2638 nonnullas
740 2574 784 2639 N.
803 2574 840 2637 T:
860 2578 958 2658 partes
980 2572 1156 2650 illustravit,
1178 2594 1281 2657 opera,

148 2706 183 2748 eo
207 2686 371 2770 impensius
395 2685 479 2749 dolui
503 2680 649 2770 doleoqne
672 2688 705 2751 in
730 2686 1002 2764 De·Wettium,
1028 2684 1282 2751 Tholnckium

147 2798 279 2883 aliosque
302 2799 395 2864 Viros
419 2801 608 2866 doctissimos
630 2801 822 2866 acerbitatem
847 2807 878 2866 et
899 2802 1103 2887 iniquitatem.

191 3132 306 3198 Verum
336 3135 473 3219 quamvis
504 3139 598 3203 multa
628 3138 706 3203 bona
735 3146 825 3224 atque
856 3139 892 3202 ad
922 3139 1163 3224 cognoscendum
1191 3139 1282 3204 utilia

146 3246 178 3312 hi
202 3251 376 3313 contineant
398 3251 430 3314 in
453 3252 605 3319 historicos
627 3254 710 3318 Novi
726 3254 809 3318 Test.
828 3252 922 3318 libros
937 3253 1165 3334 Commentarii;
1189 3254 1281 3340 longe

145 3361 323 3446 prudentius
346 3371 445 3430 tamen
470 3389 505 3431 ac
526 3369 646 3433 felicius
668 3371 833 3433 Auctorem
857 3368 888 3431 in
911 3366 1126 3453 Apostolorum
1146 3369 1282 3454 epistolia

144 3475 378 3562 interpretandis
401 3489 551 3547 versatum
576 3505 640 3547 esse
670 3484 811 3548 existimo
833 3483 897 3568 (l).
946 3483 1057 3565 Neque
1089 3483 1191 3559 enim,
1226 3482 1282 3547 bas

143 3646 299 3662 *Q———n

180 3762 256 3823 Quod
273 3775 298 3816 et
316 3770 502 3830 pusillanimem
520 3772 584 3821 hane
602 3772 744 3821 evitandam
762 3771 888 3820 curaverit
904 3771 1076 3833 arrogantiam
1097 3770 1281 3834 philologieam

144 3861 171 3903 et
194 3871 273 3918 vagae
297 3859 510 3923 interpretationis
532 3863 676 3919 laxitatem
695 3889 727 3899 —
746 3865 771 3912 id
793 3863 872 3926 igitur
893 3863 920 3911 iu
942 3864 1026 3926 operis
1052 3862 1281 3913 De-Wettiani

143 3945 278 3995 virtutibus
303 3948 388 3999 laudat
413 3952 524 4014 Censor,
548 3956 574 4003 iu
601 3954 786 4005 Tholnckii:
809 3953 918 4004 Literor.
944 3953 1075 4020 Anzeiqer,
1098 3957 1130 4004 ad
1152 3971 1178 4005 a.
1200 3961 1279 4016 1841,

143 4032 192 4083 N0.
210 4040 243 4083 34
260 4052 314 4101 sqq.

177 4126 214 4186 (l)
234 4125 346 4179 caeteris
364 4131 432 4182 illius
449 4136 548 4198 scriptis
566 4137 756 4199 praeferendam
775 4151 828 4188 esse
853 4118 1070 4202 Interpretctioaem
1087 4138 1126 4189 N.
1144 4137 1183 4201 T,
1200 4147 1278 4205 atque

141 4217 234 4268 iubae
259 4222 313 4285 ipsa
335 4223 504 4275 Paultiaaram
523 4229 633 4279 maxime
651 4230 802 4279 laudandam
820 4246 874 4280 esse
898 4230 1046 4294 epistolarum
1068 4234 1275 4298 explicationem,

141 4312 229 4360 statuit
251 4313 301 4364 Vir
326 4317 428 4375 doctus,
452 4320 478 4369 in
502 4321 608 4384 Ephem.
635 4321 732 4388 Godpal.
759 4321 905 4389 Bajdrepea,
937 4329 1009 4376 1850.
1033 4331 1058 4376 4.
1081 4329 1275 4392 patr—586.

140 4402 191 4454 Ubi
208 4404 297 4459 Theol.
315 4409 394 4461 Basil.
411 4427 516 4478 operum
535 4418 638 4468 traditus
657 4425 739 4468 exstat
756 4427 913 4482 conspectus.
