2782 4958
211 335 273 397 120
701 352 854 428 aranonuu

209 521 325 585 clrius
359 522 418 586 fuit
449 543 484 584 aa
519 521 746 585 Gieselerns
776 521 833 603 (l).
882 517 998 594 Quibus
1028 525 1182 584 tantorum
1210 520 1328 586 Virorum

209 635 350 700 laudibus
385 636 543 716 admoniti,
578 637 603 699 si
633 634 754 718 quando
782 634 1025 698 recentissimae
1059 635 1172 699 Critico
1195 636 1331 715 Lipairaai
1379 700 1381 719 2

211 748 313 834 paullo
345 749 510 814 studiosius
539 749 750 834 reprehensum
781 749 917 812 videmus
948 748 1124 822 Halaesam,
1159 749 1192 813 id
1219 771 1280 814 non
1300 752 1332 814 ita
1379 724 1381 759 ἰ

212 863 303 949 hujus
325 866 357 928 in
389 864 516 929 dedecus
542 864 733 948 interpretari
770 866 901 947 oportet,
935 863 1019 946 quasi
1048 864 1151 927 minus
1185 863 1334 929 honorilice

212 978 300 1042 nobis
323 979 360 1043 de
382 979 448 1064 ejus
471 980 664 1044 statuendum
686 979 726 1042 sit
749 977 893 1042 editione.
941 975 1040 1042 Veluti
1063 978 1100 1041 de
1123 979 1335 1063 Proteaaapelia

214 1092 319 1157 Jaaoda'
342 1095 497 1178 disputans
520 1092 852 1157 Tisohendorfins
875 1093 938 1175 (tm
965 1091 1106 1156 »Primi
1130 1115 1249 1172 operam
1270 1094 1335 1156 dadi

214 1207 333 1279 „aaa”
358 1210 470 1292 inquit,
497 1236 509 1263 o
522 1215 555 1271 aa
577 1215 686 1272 tectam
710 1209 956 1293 conformatorum
969 1207 1011 1268 ad
1026 1206 1204 1284 optimorum
1227 1207 1337 1270 codicia

214 1321 434 1386 »aomaaaam.”
481 1321 536 1386 Ubi
570 1321 607 1385 de
641 1319 763 1384 laudato
787 1317 841 1383 illo
866 1320 1001 1383 Codicum
1030 1341 1185 1396 consensu,
1224 1319 1337 1404 quilla

214 1436 334 1519 quidem
358 1435 458 1501 dubiis
481 1437 512 1498 in
536 1434 610 1499 locis
633 1435 744 1520 oppido
767 1454 850 1499 rarus
872 1434 928 1507 est,
950 1454 1012 1496 uon
1033 1434 1221 1517 quaerimus.
1248 1436 1337 1499 team

215 1550 310 1615 nolim
325 1552 496 1633 quisquam,
509 1555 613 1613 eontra
636 1546 952 1625 Tischendorfii,
977 1549 1030 1632 qui
1044 1549 1166 1634 saepius
1177 1549 1337 1614 'lhilonis

214 1669 334 1728 secutus
357 1673 401 1728 est
423 1665 595 1742 sententias,
620 1667 750 1727 mentem
772 1684 807 1727 aa
829 1661 1004 1744 consssium,
1030 1661 1077 1726 his
1098 1685 1138 1727 ex
1161 1662 1248 1728 illins
1266 1663 1337 1727 dictis

215 1779 330 1842 minore
351 1777 571 1861 quodammodo
594 1777 654 1842 lide
676 1800 711 1842 ac
729 1775 876 1862 religione
897 1776 930 1840 in
950 1782 1039 1843 textu
1059 1777 1274 1842 constituendo
1289 1798 1337 1841 ver·

214 1898 311 1957 satum
336 1914 399 1956 esse
427 1892 577 1956 Editorem
601 1890 755 1956 llalensem
779 1891 899 1956 efficiat.
948 1891 1014 1965 Quo
1037 1912 1107 1954 sane
1131 1891 1252 1974 judicio
1275 1890 1336 1954 nihil

215 2028 278 2071 esse
299 2027 384 2091 posse
412 2008 560 2091 iniquius,
595 2024 790 2090 unaquaeque
812 2025 904 2089 paene
928 2003 1016 2068 docet
1043 2005 1253 2069 commentarii
1280 2001 1335 2068 sut

214 2121 288 2203 jacti
311 2120 430 2205 pagiua.

265 2353 354 2436 Operi
376 2351 584 2434 Ratepomeaa
606 2349 722 2414 Thilo
745 2350 948 2434 praemiserat,
977 2347 1109 2432 copiosa,
1140 2349 1242 2428 daca,
1271 2343 1336 2409 labo

215 2455 304 2543 riosa,
330 2464 442 2549 quibus
465 2464 717 2548 descriptorum,
741 2484 818 2548 quae
840 2462 1048 2548 publicaturus
1070 2468 1147 2544 erat,
1176 2458 1335 2557 Codieibrra

216 2577 417 2654 Editionibus,
435 2577 626 2643 Versionibus
642 2584 778 2643 accurate
799 2598 834 2642 ac
856 2575 1018 2662 diligenter
1039 2574 1223 2661 disputabat.
1258 2577 1339 2658 Atque

216 2694 321 2755 eadem
343 2690 442 2775 palmet
475 2692 601 2776 dignum
635 2713 667 2755 se
690 2691 870 2776 praestitisse
894 2690 1039 2755 Criticum
1068 2690 1257 2769 [amanam
1277 2686 1340 2752 mili

216 2807 364 2869 constitit.
411 2807 596 2888 Quamquam
619 2805 682 2883 hic,
718 2805 771 2889 qni
794 2803 889 2869 multa
910 2805 943 2867 in
975 2805 1138 2867 memorata
1164 2805 1343 2888 praeceperat

217 2921 467 2984 commentatione
484 2922 615 3004 Hagnae,
633 2918 855 3005 perspicuitatis
877 2919 943 2982 sine
965 2917 1158 2997 detrimento,
1176 2937 1255 3000 quac
1270 2937 1342 3001 prae·

216 3034 306 3099 landa
329 3034 456 3100 habebat
478 3033 568 3120 longe
590 3034 705 3098 minore
727 3055 809 3098 nunc
828 3033 1005 3118 paginarum
1034 3051 1161 3094 numero
1193 3028 1344 3115 complecti

216 3153 343 3234 poterat.
423 3149 483 3212 Nec
506 3171 576 3213 vero
599 3147 687 3233 plane
709 3147 811 3212 eadem
830 3152 915 3223 sunt,
941 3167 1018 3230 quae
1034 3145 1193 3227 utriusque
1213 3141 1346 3208 fasciculo

218 3263 424 3342 continentur,
449 3263 559 3347 scripta
581 3262 714 3346 antiqua.
750 3263 817 3326 'lria
842 3263 936 3337 enim,
961 3280 1038 3344 quae
1060 3280 1143 3322 suam
1165 3259 1199 3322 in
1217 3257 1346 3344 syllogen

218 3378 301 3461 prior
324 3381 474 3461 receperat
497 3377 610 3460 Editor,
635 3377 781 3462 posterior
804 3377 854 3440 hia
875 3375 1059 3441 excludenda
1086 3377 1226 3461 putauit,
1253 3377 1347 3440 Eaca-

220 3493 332 3577 pala‘am
364 3491 553 3568 Mareiaaia;
580 3535 621 3544 .-
645 3493 775 3556 Ooda'caaa
803 3491 966 3575 Eaaapela‘a'
987 3491 1132 3566 Jaaaaca',
1162 3491 1294 3556 Parisiis
1316 3490 1346 3552 ia

218 3659 369 3670 -—--

253 3779 297 3843 (1)
315 3778 388 3830 Illius
411 3787 494 3832 exstat
514 3779 637 3844 judicium
660 3781 687 3830 in
705 3779 875 3832 Ullmenni
898 3789 924 3830 et
950 3779 1131 3831 Umbreitii
1150 3780 1217 3830 tdaol.
1237 3780 1304 3832 Stant.
1326 3795 1347 3828 u.

220 3871 289 3922 Krec.
303 3871 337 3932 (a.
352 3873 424 3934 1833)
437 3871 484 3922 VI.
498 3879 548 3922 530
560 3888 611 3939 sq.;
624 3873 692 3937 liujus
702 3872 839 3932 estr'tidam,
854 3889 877 3937 p.
891 3879 954 3923 1156
967 3888 1023 3937 sqq.
1044 3872 1111 3934 Quid
1124 3874 1195 3936 quod
1209 3873 1349 3924 Ltielrine

220 3964 387 4015 honorificum
405 3965 541 4017 admodum
555 3964 726 4016 Germanorum
743 3965 881 4032 Ttaalopr'ae
899 3967 946 4016 hoc
959 3953 1152 4016 monumentum
1165 3981 1222 4016 esse
1235 3967 1348 4017 affirmat!

221 4057 262 4106 Ae
280 4056 372 4107 similia
390 4057 443 4106 fero
463 4055 659 4110 Gieselerus.
686 4060 785 4110 Verum
798 4061 875 4122 digna
887 4061 963 4109 etiarn
982 4066 1021 4109 est
1038 4074 1103 4123 quae
1120 4062 1272 4111 consulatur
1283 4063 1350 4109 (taeta

221 4164 330 4200 censura
346 4165 376 4200 ac
393 4152 493 4214 copiosa
506 4153 531 4201 in
544 4150 660 4203 neorii
678 4152 735 4202 laria.
750 4152 971 4216 ,Prarlipertitliorln
986 4153 1048 4203 XV.
1063 4158 1085 4201 3.
1099 4168 1122 4216 p.
1137 4159 1185 4202 375
1200 4170 1256 4219 sqq.
1276 4152 1349 4216 Cujus

221 4245 375 4293 mentionem
401 4245 466 4294 sacto
493 4260 630 4307 censurae,
650 4260 700 4310 quo
724 4247 803 4309 magis
824 4254 943 4310 appareat
966 4247 1041 4309 longe
1067 4247 1245 4296 dissentientes
1264 4263 1279 4296 a
1299 4259 1348 4294 sesa

221 4337 329 4386 invicem
342 4345 366 4386 et
383 4354 399 4386 a
417 4337 559 4387 Thiloue
578 4337 723 4402 Theologos
742 4339 767 4387 in
781 4338 827 4387 hae
846 4339 913 4389 illius
930 4341 1085 4389 consensisse
1097 4339 1227 4389 laudanda
1239 4340 1347 4389 editione.

259 4429 297 4491 (2)
318 4428 430 4496 Prolapp
454 4447 478 4495 p.
500 4431 548 4480 IX.
