2782 4958
557 381 598 424 on
619 379 815 424 norrrausro.
1211 360 1252 423 69

143 559 213 636 sunt,
241 572 321 647 quas
352 546 510 634 diximus,
542 546 742 634 orationum,
771 545 802 617 in
836 567 948 618 earum
984 544 1105 618 nullam
1140 557 1247 619 tamen

144 670 221 768 magis
236 671 444 757 conveniunt,
459 695 557 768 quam
581 668 612 740 in
635 669 793 754 ultimam,
816 668 960 741 habitam
985 667 1072 740 illam
1093 667 1124 740 d.
1141 670 1189 744 25
1207 695 1248 742 nr.

143 793 200 890 llaji
217 798 321 882 l853;
340 793 396 866 nbi
411 793 604 865 acerrimum
622 793 842 866 recentissime
860 803 1025 864 exarserat
1038 790 1249 863 Hierarchiae

142 914 205 988 inter
217 916 376 990 satellites
392 929 425 987 et
442 917 664 988 Protestuntes
685 929 858 988 certamen.
886 917 971 987 Sunt
992 913 1053 987 bae
1072 915 1247 987 verborum

141 1034 206 1110 laces
227 1038 399 1126 dicendae,
422 1063 508 1137 quae
531 1038 716 1112 auditorum
741 1040 773 1111 in
797 1038 912 1111 animis
932 1038 1091 1136 igniculos
1112 1063 1176 1111 non
1198 1064 1248 1111 re·

141 1155 262 1260 linquere
286 1188 351 1234 non
374 1174 514 1259 possent.
554 1162 617 1234 Ubi
639 1162 686 1234 sic
712 1187 849 1234 exorsus
874 1175 944 1233 erat
967 1161 1100 1233 Orator:
1128 1162 1248 1233 »Nunc

137 1283 245 1358 „suam”
263 1285 379 1384 inquit,
397 1284 524 1356 ›illoma
545 1310 647 1356 vacem
665 1286 774 1356 emisit,
805 1286 901 1357 Nune
914 1285 1030 1355 Romae
1051 1284 1153 1354 buiace
1170 1284 1247 1371 onai,

135 1410 231 1479 eunius
251 1408 355 1480 instar
372 1408 450 1497 Viri,
477 1434 568 1479 sauna
590 1423 791 1506 reposuerunt
815 1407 1052 1480 Nederlundiae
1070 1408 1249 1479 Protestun·

131 1542 184 1602 stes
201 1531 408 1628 responsam.’'
430 1573 472 1585 -
495 1531 620 1604 Deinde
643 1557 741 1631 quam
760 1531 911 1604 ferociter
931 1530 1031 1604 verba
1050 1530 1162 1603 lecerit
1178 1530 1246 1618 illa,

128 1677 211 1753 quam
233 1654 361 1728 fortiter
385 1656 420 1726 bi
444 1654 687 1753 responderint,
704 1667 771 1727 tam
794 1654 978 1727 luculenter
1001 1655 1184 1752 expositum
1204 1653 1248 1726 le-

124 1776 230 1874 gimus,
250 1792 297 1866 ut,
316 1778 375 1849 nisi
391 1777 485 1850 ferrei
505 1790 613 1850 essent
632 1777 808 1863 auditores,
823 1777 1033 1850 vehementer
1051 1776 1248 1849 commoveri

121 1897 295 1973 debuerint.
348 1902 431 1974 Turn
456 1926 542 1990 eam,
580 1925 665 1998 quae
695 1912 839 1972 sanctam
876 1898 956 1971 adeo
989 1898 1145 1971 tuendam
1176 1923 1248 1970 sus·

118 2023 236 2122 ceperit
265 2049 430 2113 caussam,
465 2024 658 2096 Societatem
693 2048 732 2095 ne
756 2047 852 2094 suum
879 2020 1063 2094 desiderare
1089 2019 1246 2092 auxilium

115 2146 278 2246 patiantur
302 2173 358 2220 eos
383 2163 495 2246 rogat,
524 2147 689 2236 obsecrat,
716 2148 834 2220 Christi
858 2148 987 2220 nomine
1018 2147 1175 2244 conjurat.
1200 2194 1244 2203 -

115 2269 255 2344 Tandem
270 2271 302 2342 in
321 2271 510 2369 gravissima
530 2270 647 2344 desinit
665 2271 885 2369 peroratione;
903 2271 958 2343 ubi
974 2282 1005 2343 et
1024 2270 1085 2341 alia
1103 2284 1135 2342 et
1153 2269 1244 2357 haec,

113 2417 315 2492 quaequam
338 2419 415 2467 vera
440 2408 548 2467 essent
570 2421 672 2482 novo,
697 2395 809 2494 paucis
832 2409 905 2493 post
932 2393 1112 2479 mensibus,
1140 2392 1245 2465 docu-

114 2530 220 2590 mento
242 2518 455 2616 necopinatus
472 2518 614 2591 ostendit
632 2544 670 2591 ac
684 2517 802 2591 llebilis
816 2518 963 2590 Oratoris
978 2517 1099 2589 abitus:
1128 2516 1246 2606 »Quod

111 2639 219 2712 rnobis
247 2641 405 2738 aqendurn
431 2656 493 2731 est,
522 2667 671 2739 upamus,
712 2642 788 2713 dunt
820 2640 885 2713 dies
913 2655 965 2713 est.
1024 2641 1130 2714 Veniet
1161 2667 1242 2729 noa,

111 2788 229 2860 aquarn
249 2769 379 2861 operari
395 2789 483 2836 nemo
504 2777 608 2861 potest.
657 2767 735 2837 Turn
752 2790 825 2836 uero
845 2765 997 2836 rationem
1017 2788 1038 2837 a
1061 2765 1146 2837 nobis
1169 2767 1246 2838 Pos-

110 2885 242 2956 rteritas
273 2887 427 2983 requiret,
460 2901 566 2958 utram
602 2888 739 2959 Patrurn
773 2887 915 2984 ememplo
946 2913 999 2959 uas
1028 2914 1163 2987 quoque,
1191 2887 1246 2958 ubi

108 3009 341 3081 »dimicationis
356 3010 390 3080 in
404 3011 514 3082 boram
536 3010 774 3098 deveneramus,
795 3036 847 3107 spe
870 3010 994 3108 suffulti
1008 3013 1241 3098 corastiterintus,

105 3131 217 3204 natabis
245 3133 369 3230 quidem
390 3133 594 3231 uipilantibus
615 3159 653 3206 aa
673 3133 907 3222 decertantibus,
934 3158 1096 3231 nunquam
1122 3135 1190 3228 fore
1209 3147 1244 3204 ut

104 3254 257 3328 »Christi
283 3256 460 3328 Ecclesiam
484 3257 561 3327 Orci
579 3271 690 3354 portae
713 3256 926 3354 superarent.’'
950 3299 992 3311 -
1020 3259 1066 3328 Te
1089 3254 1240 3354 quidem,

105 3378 255 3451 Obeate
277 3381 342 3476 jam
369 3379 440 3453 Vir!
460 3378 502 3451 ad
528 3378 624 3452 linem
648 3404 753 3478 nsque
777 3381 809 3451 iu
827 3379 956 3453 Christo
983 3378 1030 3451 sio
1048 3378 1243 3468 constitisse,

103 3499 178 3572 'l'ibi
201 3500 293 3574 testis
319 3502 380 3575 erit
404 3504 594 3576 Posteritasl
617 3504 629 3602 (
655 3505 678 3601 ).

103 3652 254 3665 *toa-—

143 3749 190 3822 (l)
209 3750 296 3805 Vidd.
324 3751 507 3823 Aanspraken‚
532 3753 589 3821 aab.
619 3753 646 3804 in
669 3755 700 3806 ale
720 3753 773 3821 alp.
798 3752 970 3821 Verquderiny
989 3755 1033 3806 der
1053 3751 1182 3805 dicubuit.
1207 3758 1242 3803 tot

107 3848 269 3920 maderinq
289 3868 338 3904 aaa
356 3853 490 3917 wabrensi,
510 3852 687 3921 voornurnebjla
703 3853 780 3904 ander
797 3851 952 3916 landlieden,
965 3854 1026 3905 door
1041 3854 1089 3905 den
1104 3850 1241 3905 Voorzitter

107 3948 145 4004 Η.
166 3951 196 4007 J.
218 3951 267 4020 R.;
291 3956 487 4006 isar-rasa.

145 4141 284 4209 Quoniam
304 4145 396 4201 omnia
415 4146 544 4219 persequi
564 4165 620 4201 non
642 4164 799 4220 possumus,
822 4155 905 4220 atque
925 4149 1083 4202 Historicunr
1102 4147 1234 4220 imprimis

110 4256 167 4296 eum
192 4245 374 4315 spectandum
400 4247 548 4315 duximus,
569 4247 730 4302 brevissime
758 4255 866 4304 tantum
892 4266 1009 4317 moneo,
1031 4249 1156 4322 pluscula
1175 4267 1238 4303 euru

111 4343 331 4399 commentariola
349 4343 378 4399 in
398 4346 495 4401 Diario
514 4347 674 4418 reponenda
693 4353 817 4404 curasse:
842 4350 883 4405 De
901 4351 1070 4421 euanqeliscbe
1089 4350 1235 4418 Keiriadai,-

111 4439 186 4496 drast.
210 4450 279 4499 1841
302 4452 330 4501 et
349 4445 475 4518 proxime
495 4463 573 4520 seqq.
595 4447 684 4502 annia.

608 4578 747 4588 nunu-«n.-
