2782 4958
635 373 803 415 consueto.
839 431 842 439 1
1236 352 1278 414 83

128 540 268 605 retertur
298 542 521 621 οοοιοοὶὶοοιο,
554 539 686 606 obsolute
709 539 827 624 positus
848 560 914 603 esse
937 541 1052 604 censeri
1076 560 1137 614 non
1159 545 1271 626 potest.

124 658 245 741 Atque
262 655 345 719 idem
367 656 576 736 accusativus,
607 675 676 718 cum
700 654 795 739 spatio
818 652 919 738 aliquo
942 653 1155 740 nonnullisque
1177 657 1273 721 inter·
1327 697 1332 706 ·

119 771 224 855 jectis
243 768 281 834 ab
295 775 315 836 ό
331 772 464 840 ἀθετῶν
488 776 622 835 remotus
637 775 788 854 appareat,
808 768 858 832 hio
876 769 1066 854 supplendus
1088 771 1210 834 omnino
1225 775 1273 835 est

122 884 320 968 lectorisque
348 886 534 969 cogitatione
566 883 759 969 repetendus.
793 917 836 930 —
860 879 959 954 Quae.
978 903 1047 946 cum
1078 882 1207 946 maxime
1233 881 1271 947 sb

123 992 291 1086 ἀκριβείᾳ
323 996 511 1075 celebratur,
544 995 761 1081 interpretandi
791 995 869 1059 ratio
899 1016 1131 1081 saepenumero,
1156 994 1211 1061 nbi
1233 993 1271 1059 sb

122 1111 203 1174 eliis
226 1112 339 1196 passim
362 1113 500 1198 agnitum
519 1112 658 1196 repudiet
679 1110 814 1196 ellipsin,
834 1110 931 1176 invita
953 1115 1052 1174 tamen
1072 1110 1185 1195 aliquid
1204 1132 1273 1195 snp-

122 1226 220 1310 plere
238 1227 362 1312 cogitur
379 1232 431 1291 snt
442 1224 615 1306 subaudire,
632 1224 714 1311 quod
730 1243 767 1287 ex
783 1223 900 1308 vulgari
916 1244 974 1291 usu
991 1224 1107 1310 ellipsis
1122 1225 1215 1289 audit.
1228 1262 1272 1274 -

122 1339 298 1419 Profecto,
324 1361 413 1424 quum
438 1341 611 1424 frequentes
632 1341 666 1404 in
688 1340 799 1403 edium
824 1338 992 1424 disciplinis
1018 1341 1177 1407 verborum
1198 1362 1272 1405 corr·

124 1456 297 1549 trqccrsice
319 1456 394 1531 sint,
420 1476 494 1541 quas
517 1455 611 1542 volgo
633 1455 837 1541 Iopomacbias
857 1458 977 1534 vocant,
994 1475 1141 1539 nusquam
1161 1453 1273 1520 elarius

124 1574 280 1654 apparet,
304 1589 394 1654 quum
420 1571 453 1635 in
476 1569 639 1635 hodiernae
660 1569 818 1668 Saorqrnm
841 1568 1026 1635 Litterarum
1048 1570 1272 1656 interpretatio·

128 1684 186 1747 nis
210 1681 347 1747 historin.

183 2025 217 2085 2.
248 2019 351 2086 lbere.
378 2020 408 2084 Ι.
433 2024 456 2084 4ι
482 2023 582 2106 Ὑπὲρ
605 2031 661 2106 τῆς
689 2028 854 2108 ὑπομονῆς
875 2025 966 2106 ὑμῶν
990 2025 1047 2087 καὶ
1069 2024 1217 2097 πίστεως.
1245 2021 1274 2084 A

134 2134 291 2220 Koppio
314 2134 436 2219 quidem
458 2156 625 2221 synorrymc
644 2134 678 2198 h.
701 2135 720 2200 l.
745 2135 848 2201 haberi
867 2132 1055 2199 substantivo
1073 2139 1219 2219 ὑπομονή
1239 2153 1274 2197 ac

130 2251 247 2322 πίστις
273 2269 335 2312 non
359 2247 551 2312 vehementer
582 2247 720 2313 mirabar.
767 2251 875 2335 Neque
904 2249 985 2314 enim
1006 2249 1167 2332 quicquam
1189 2247 1272 2312 illins

132 2364 245 2426 aetatis
264 2361 489 2448 Interpretibus
512 2363 609 2449 magis
631 2364 663 2427 in
687 2364 804 2429 deliciis
825 2369 912 2438 erat,
938 2384 1026 2448 qnam
1051 2364 1158 2448 cupida
1180 2385 1271 2446 syno-

133 2499 298 2562 nymorum
326 2479 445 2542 venatio
477 2483 508 2541 et
531 2477 707 2543 cumulatio.
757 2479 872 2543 Verum
902 2477 1048 2564 Koppio
1076 2478 1127 2543 blo
1151 2477 1273 2542 lirine-

134 2614 313 2658 mannum
337 2593 499 2669 assentire,
525 2593 613 2676 cnjus
635 2592 794 2658 laudabilis
816 2593 976 2658 admodum
994 2595 1025 2658 in
1042 2591 1200 2658 verborum
1217 2613 1272 2656 no·

135 2704 273 2771 tionibus
303 2706 508 2770 discernendis
539 2729 605 2770 esse
629 2708 705 2772 solet
728 2707 907 2792 diligentia,
932 2706 963 2771 id
988 2726 1058 2771 vero
1080 2706 1165 2790 (qnid
1192 2708 1273 2770 enirn

135 2821 305 2905 diffiteari')
328 2843 437 2884 norom
454 2819 528 2884 mihi
544 2820 702 2885 accedebat
717 2827 807 2904 atque
823 2823 1071 2906 inexspectatum.
1099 2820 1176 2886 llum
1192 2822 1273 2885 enim

135 2938 163 3002 si
186 2936 283 3016 andis,
310 2935 369 3001 alia
388 2939 535 3020 potestate
558 2935 612 2999 hle
626 2941 788 3020 usurpetur
810 2940 927 3013 πίστις,
947 2957 1036 3020 quam
1052 2937 1189 3020 proximt
1208 2957 1272 2999 sec-

137 3051 221 3115 tione
241 3052 343 3115 tertid.
384 3047 447 3142 Ubi
458 3069 527 3114 oum
539 3049 640 3136 fidem
662 3047 788 3115 Christo
807 3048 939 3115 habitam
952 3050 1147 3134 significaret,
1162 3054 1275 3137 quartat

138 3163 195 3228 hcc
218 3164 351 3228 sectione
372 3165 416 3230 ita
438 3165 519 3228 idem
541 3164 624 3249 quod
644 3169 792 3250 ὑπομονή
816 3165 906 3240 velet,
929 3170 964 3228 ot
977 3164 1060 3250 fidei
1080 3163 1203 3229 Christo
1222 3162 1272 3228 ha·

138 3276 218 3342 bitae
239 3278 325 3342 notio
347 3280 515 3344 retrocedat
537 3293 627 3362 etque
648 3279 683 3342 in
698 3277 863 3368 fidelitatis
884 3278 1038 3341 notionem
1062 3283 1267 3343 convertatur.

139 3393 187 3458 Ita
208 3393 434 3458 Liinemunn
445 3414 498 3459 us.
533 3391 606 3464 Quo
627 3393 725 3478 igitur
743 3395 865 3456 auctore
879 3395 1024 3476 irreperet
1041 3392 1143 3468 etiam,
1161 3392 1272 3476 qnippe

137 3508 262 3572 ulterius
284 3506 465 3571 substantivi
488 3529 705 3593 synonymum,
720 3504 860 3595 fidelitas
882 3526 947 3568 esse
971 3503 1104 3569 debebit.
1152 3504 1272 3575 Quam·

138 3623 226 3704 quani
250 3621 310 3685 hoo
327 3622 440 3687 rectius
462 3621 597 3706 plerique
620 3623 820 3687 constantiam
842 3619 1031 3703 interpretati
1054 3624 1135 3685 sont
1159 3619 1218 3683 Sed
1234 3620 1271 3685 de

140 3755 168 3801 v.
183 3740 292 3812 πίστις
316 3735 479 3800 rideamus.
526 3736 616 3801 Hanc
638 3735 718 3800 enim
742 3733 828 3799 diam
852 3732 914 3809 hic,
940 3755 1031 3816 qoam
1060 3733 1149 3797 modo
1171 3740 1269 3816 antee,

142 3847 247 3914 habere
278 3871 338 3914 oon
368 3870 454 3934 posse
477 3854 655 3934 potestatem
685 3848 786 3928 olere,
818 3846 940 3930 siquid
964 3845 1070 3924 video,
1104 3847 1271 3912 arctissime

142 3960 227 4027 docet
247 3963 407 4046 utriusque
429 3961 489 4028 loci
511 3963 699 4047 conjonctio.
743 3962 884 4026 Sectione
905 3960 1028 4044 quidem
1052 3962 1137 4026 terrie
1160 3965 1191 4026 et
1213 3961 1271 4027 alia

143 4073 263 4143 Paullus
276 4082 309 4140 et
324 4076 414 4141 haee:
445 4073 651 4151 Contineotes,
669 4077 780 4160 inquit,
800 4074 870 4139 Deo
882 4095 928 4137 me
942 4075 1062 4158 pretias
1073 4086 1163 4157 opere
1180 4095 1270 4158 opor·

144 4201 194 4269 tet,
217 4196 270 4260 ὅτι
292 4194 509 4276 ὑπεραυξάνει
536 4202 557 4276 ἠ
585 4196 693 4267 πίστις
724 4195 826 4274 ὑμῶν.
875 4186 998 4259 Quibus
1028 4209 1099 4253 vero
1125 4190 1269 4254 contiuuo

147 4311 241 4371 nostro
265 4305 323 4370 hoo
348 4304 471 4390 subjicit
492 4306 574 4371 loco:
602 4308 689 4392 apud
709 4316 804 4370 coetus
827 4302 891 4368 Da·
912 4303 1087 4388 pioriomur
1108 4307 1188 4391 ὑπὲρ
1212 4314 1270 4389 τῆς

148 4422 300 4508 ὑπομονῆς
330 4428 419 4508 ὑμῶν
446 4429 500 4489 καὶ
528 4428 672 4500 πίστεως.
719 4423 830 4487 Nonne
863 4421 959 4506 igitur
982 4419 1068 4504 plane
1091 4418 1267 4483 incredibile

1079 4531 1133 4596 qe
