2782 4958
141 340 205 402 ria
541 358 580 401 nu
604 357 704 402 sorra
728 360 892 405 nuroucms

188 525 227 589 ln
250 523 476 588 De·Wettii
499 526 616 590 meritis
639 526 811 605 laudandis,
838 532 919 593 recte
942 525 1033 593 lactisx
1052 528 1273 612 praedicandis,

144 640 338 724 Scepticismo
362 644 451 725 atque
484 639 637 705 erroribus
659 643 774 725 optimi
796 645 916 725 quaque
939 643 1054 707 ratione
1076 645 1276 722 excusandis,

143 755 176 818 in
199 753 318 819 amabili
342 756 489 839 imprimis
512 757 604 820 animi
628 756 757 820 caudore
780 756 974 837 admirando,
1000 762 1063 821 tres
1083 761 1279 822 consentiunt

143 867 213 932 Viri
236 870 384 953 primarii,
408 869 727 955 Hagenbachius
758 876 789 935 et
819 870 1084 938 Schenkelins
1107 879 1158 948 et,
1190 896 1279 958 quem

142 1004 203 1048 uon
227 983 368 1067 ultimum
392 1006 555 1049 memorare
578 990 770 1068 oportuerat,
797 984 988 1049 Liickins.
1036 985 1178 1058 Quorum
1202 989 1279 1073 ipso·

141 1119 209 1164 rum
240 1100 351 1184 scripta
382 1104 485 1163 nostra
513 1098 585 1163 haec
609 1100 697 1163 modo
726 1105 813 1162 antea
833 1101 896 1183 jam
919 1099 1053 1165 laudavit
1075 1102 1123 1166 vel
1146 1104 1282 1167 narratio

142 1211 190 1275 vel
205 1213 232 1276 ei
249 1212 385 1296 subjecta
400 1215 563 1277 annotatio.
589 1211 710 1283 Quibus
726 1215 758 1277 in
779 1214 973 1293 Triumviris,
988 1216 1068 1297 quod
1085 1215 1280 1281 memorabile

142 1328 281 1406 videtur,
316 1330 469 1393 neminem
500 1350 564 1391 esse
587 1328 745 1403 novimus,
777 1328 865 1410 cnjus
892 1327 930 1391 de
953 1329 1096 1393 universa
1119 1329 1283 1415 disciplina

141 1445 225 1506 saara
241 1443 391 1507 sentiendi
415 1444 492 1507 ratio
517 1441 811 1506 De·Wettiauis
835 1463 903 1505 oum
920 1443 1039 1526 placitis
1062 1444 1206 1528 majorem
1229 1445 1282 1508 ali·

141 1578 231 1641 qnam
262 1555 370 1621 habeat
399 1557 650 1621 convenientiam.
699 1557 789 1620 Unde
821 1555 878 1621 boo
909 1563 991 1620 certe
1021 1563 1163 1641 apparet,
1193 1557 1282 1643 plane

142 1670 327 1756 singularem
358 1691 427 1734 eum
456 1672 547 1736 luisse
571 1672 702 1749 Virum,
733 1673 809 1736 raris
839 1671 932 1734 animi
956 1671 1133 1757 ingeniique
1157 1671 1284 1736 dotibus

142 1787 314 1871 insignem,
341 1808 417 1870 quae
441 1807 509 1849 cnm
533 1787 647 1851 viventi
672 1785 736 1858 illi,
772 1790 839 1848 tum
864 1791 983 1849 mortuo
1005 1786 1282 1870 praestantissimo·

143 1922 210 1966 rum
233 1922 422 1986 quorumque
444 1899 613 1985 aequalium
636 1899 736 1962 studia
760 1898 957 1961 conciliarent
980 1920 1014 1961 ac
1036 1898 1223 1964 voluntates.

190 2012 304 2078 Verum
329 2020 515 2077 caeterorum
538 2012 628 2075 etiam
652 2010 727 2074 mihi
748 2013 861 2075 mentio
884 2012 1019 2076 facienda
1039 2018 1096 2091 est,
1118 2033 1197 2096 quae
1217 2014 1284 2097 qui-

144 2128 218 2200 dam,
246 2129 396 2213 cognovi,
433 2128 614 2210 scriptorum
647 2126 858 2209 parentalium.
913 2125 1051 2197 Quorum
1084 2127 1117 2190 iu
1153 2149 1283 2194 numero

143 2241 274 2326 primum
302 2242 364 2325 jam
383 2233 627 2302 'willibaldi
656 2221 854 2318 Grimmii,
887 2243 1021 2305 veterani
1050 2240 1201 2329 Theologi
1224 2243 1282 2310 Je-

144 2357 262 2432 nensis‚
289 2354 479 2420 memoranda
502 2359 547 2417 est
570 2355 792 2430 commentatio,
819 2376 896 2438 quae
919 2361 950 2419 et
974 2356 1031 2419 alia
1052 2363 1167 2437 narrat,
1192 2363 1226 2422 et
1244 2358 1281 2423 de

146 2471 258 2535 rariore
281 2469 409 2553 quodam
434 2468 657 2532 De·Wettii
680 2466 783 2532 libello
807 2469 910 2549 refert,
936 2491 963 2532 a.
992 2472 1078 2535 1806
1102 2471 1200 2536 Jeuae
1223 2471 1283 2536 bac

145 2582 227 2646 edito
250 2582 465 2666 inscriptione:
505 2581 665 2650 Vindictae
687 2584 888 2662 auctoritatis,
915 2585 975 2668 quii
998 2583 1185 2668 Aapastaaa
1207 2608 1283 2652 con·

136 2699 234 2781 fassio
255 2700 399 2782 praedita
423 2707 479 2776 eat,
509 2697 696 2782 symbolicae.
747 2696 851 2762 Oratio
874 2697 1032 2778 solemnis,
1060 2719 1153 2783 quam
1177 2735 1222 2749 -—
1248 2702 1284 2766 in

84 2824 90 2844 ¹
145 2810 257 2895 templo
280 2811 452 2876 academico
474 2809 580 2877 babuit
603 2810 811 2898 Da-W.(1).
834 2847 877 2860 -
898 2811 1004 2879 Grim
1014 2813 1128 2877 mium
1151 2813 1286 2900 excipiat

141 3003 280 3016 ..ι-ιι,-

143 3124 264 3175 Doctoris
282 3124 438 3176 Basileinsis
453 3128 569 3177 doctrinis
585 3142 636 3192 quo
653 3129 759 3192 aequius
771 3128 867 3176 teratur
878 3126 1014 3190 lentusque
1021 3125 1158 3189 judicium,
1174 3129 1284 3180 omniuo

143 3216 291 3268 Danielis
309 3214 469 3268 Schenkel
492 3220 661 3270 consulendus
679 3227 717 3270 est
733 3220 849 3279 libellus,
868 3233 943 3282 quem
960 3219 1101 3283 inscripsit:
1123 3218 1169 3269 W.
1188 3221 1229 3271 M.
1250 3222 1285 3272 L.

141 3313 178 3362 de
201 3312 305 3363 Wette
324 3312 373 3362 aad
388 3312 426 3362 die
447 3284 586 3378 Bedautaap
607 3314 684 3363 rainer
702 3311 825 3377 Theolopia
841 3313 895 3376 fiir
912 3327 995 3364 aserere
1011 3310 1077 3362 Zait.
1101 3309 1167 3361 Zam
1183 3311 1287 3363 Audea-

141 3403 187 3454 dea
204 3421 236 3455 aa
256 3405 306 3454 dem
337 3406 498 3472 Vercwiptcn,·
521 3405 695 3472 Sclapbasiuc,
718 3413 789 3458 1849.
826 3406 878 3467 Qui
902 3408 933 3455 de
951 3406 1051 3466 ultimo,
1071 3407 1139 3470 quod
1157 3421 1288 3458 memora·

144 3500 241 3557 vimus,
258 3501 327 3550 illius
346 3503 441 3565 scripto
459 3502 602 3563 dogmatico
613 3502 713 3565 copiose
725 3481 787 3562 egit,
801 3515 826 3563 p.
840 3503 872 3546 54
887 3514 942 3561 sqq.
962 3498 1147 3549 Scheukelii
1165 3499 1287 3551 libellum

143 3597 255 3643 nostram
275 3593 300 3643 iu
319 3595 435 3657 linguam
453 3594 578 3644 convertit
595 3601 671 3656 atque
688 3593 785 3655 adjecta
802 3594 876 3642 auxit
892 3591 1044 3655 appendice,
1070 3592 1115 3656 qui
1132 3607 1203 3642 nnnc
1217 3591 1286 3656 jam,

144 3682 221 3733 eheu!
240 3685 292 3733 fato
304 3686 407 3735 functus
419 3694 467 3745 est,
481 3685 516 3734 Η.
528 3684 563 3734 V.
581 3684 772 3741 Rombouts;
791 3682 888 3743 Tielae,
906 3688 979 3731 1850.
1014 3682 1142 3748 Scriptum
1157 3683 1286 3745 laudanti,

145 3789 192 3824 nec
209 3783 296 3846 tamen
311 3780 386 3827 currit
404 3779 458 3827 sine
477 3777 627 3841 exceptione
640 3775 768 3835 laudanti,
791 3775 924 3826 consentio
941 3774 1161 3838 bliermeycro,
1185 3776 1214 3826 in
1238 3791 1287 3827 suo

146 3880 175 3915 nc
193 3866 358 3918 Dressclh.
374 3884 415 3934 op.
434 3868 510 3934 May.
528 3886 551 3918 v.
568 3867 637 3919 Krit.
654 3884 682 3918 ca
699 3865 780 3934 Encp.
798 3867 840 3917 dea
857 3866 896 3917 N.
915 3865 945 3916 T.
964 3865 998 3917 11.
1017 3873 1042 3916 2.
1061 3872 1118 3916 100.

99 3955 102 3959 ’
178 3957 239 4019 Sed,
265 3974 315 4022 quo
338 3961 439 4024 plenius
462 3961 524 4012 Viri
546 3960 687 4025 Theologia
710 3945 895 4023 cognoscatur,
920 3960 1024 4009 omnino
1042 3960 1118 4009 etiam
1137 3961 1286 4012 adeundum

144 4064 183 4102 est
200 4056 450 4113 commentariolum,
478 4062 581 4105 anctore
599 4055 683 4105 Frid.
701 4055 825 4115 Ltioke,
850 4070 875 4117 q.
900 4056 925 4103 d.
945 4052 989 4102 W.
1009 4054 1046 4102 Μ.
1063 4052 1095 4102 L.
1114 4055 1149 4103 de
1168 4053 1211 4103 W.
1230 4053 1287 4106 Zur

136 4145 327 4210 fieundscliajd.
347 4145 520 4212 Erianerunp;
537 4147 629 4197 Hamil.
651 4153 714 4198 1850
734 4147 804 4209 (item
822 4149 849 4196 in
867 4145 964 4195 Ullm.
988 4160 1012 4194 a.
1032 4145 1139 4195 Umbr.
1161 4143 1234 4196 stud.
1259 4163 1283 4196 a.

145 4236 212 4289 Krit.
233 4244 307 4288 1850.
325 4246 348 4290 3.
367 4254 392 4304 p.
412 4245 459 4291 407
479 4240 545 4305 sqq.)
563 4256 590 4304 p.
610 4245 641 4290 35
661 4256 716 4304 sqq.
752 4239 834 4300 Quem
852 4239 967 4289 libellum
984 4239 1109 4297 omnium,
1133 4253 1199 4302 quae
1217 4239 1285 4290 Viro

144 4330 218 4379 docto
235 4333 410 4394 parentatum,
429 4334 582 4397 scriptorum
601 4332 819 4395 elegantissimum
841 4332 951 4380 dixerim
973 4345 1003 4378 ac
1025 4330 1283 4394 praestantissimum.

180 4420 217 4484 (1)
241 4420 303 4471 Vin.
327 4422 391 4474 theol.
415 4423 568 4476 Literatarbl.
592 4443 615 4474 κ.
638 4423 693 4489 aliq.
713 4423 842 4490 (Durani.)
863 4420 896 4470 K.
915 4420 948 4472 Z.
971 4426 1052 4481 1850,
1072 4421 1121 4472 N0.
1146 4423 1189 4472 to.
1218 4422 1284 4498 'Qno
