2782 4958
128 338 190 399 186
520 355 561 397 nn
584 354 683 398 nunna
705 353 869 398 onsuucrrs

127 524 325 607 vituperatum
354 522 491 601 videbat,
521 525 612 587 nimis
643 521 740 608 ample
765 544 835 586 eum
856 521 1040 606 praedicasse
1063 542 1126 586 non
1149 521 1247 606 injuria

125 643 290 703 statuerent
313 639 374 724 (t).
412 639 518 703 Verum
543 636 592 701 hic
615 636 662 701 illi
685 637 821 701 omnium
843 635 992 700 bonorum
1007 635 1127 720 judicic
1146 641 1247 701 constet

126 751 220 816 honos
250 757 389 837 oportet,
419 752 501 835 quod
532 773 600 815 vere
631 757 661 816 et
691 756 813 815 strenue
846 751 1056 815 Ciceronis
1082 751 1245 815 sententiam

124 867 222 930 tuitus
244 868 305 941 sit,
329 887 405 950 quae
431 867 580 932 Oratorem
608 867 712 931 Virum
737 868 839 931 bonurn
862 887 923 930 esse
944 865 1248 945 aminternenses

118 982 262 1061 peritum.
307 984 368 1046 Nec
400 979 483 1045 ullus
515 980 601 1046 facile
629 980 741 1047 Rhetor
771 981 906 1062 exstitit,
940 980 993 1062 qui
1024 979 1248 1044 Christianorum

125 1095 273 1179 imprimis
296 1095 411 1161 Oratori
433 1117 584 1160 summum
601 1095 658 1160 hoc
678 1096 865 1180 propositum
885 1116 948 1157 esse
962 1092 1071 1157 debere
1086 1091 1246 1172 eonsilium,

125 1213 162 1273 ut
183 1210 244 1274 Deo
265 1212 380 1296 magis,
411 1232 501 1294 quam
530 1209 719 1287 hominibus,
749 1208 885 1294 placeat,
909 1205 1095 1272 luculentius
1119 1205 1168 1271 vel
1187 1226 1246 1269 ora·

125 1322 218 1384 tionis
240 1323 328 1406 cupit
350 1321 399 1387 vel
421 1323 501 1386 vitae
523 1321 660 1405 exemplo
683 1322 803 1386 doceret
824 1342 858 1384 ac
881 1320 1110 1386 demonstraret.

170 1435 246 1515 Alia,
265 1456 340 1518 quae
356 1435 462 1513 edidit,
481 1437 591 1520 scripta
605 1441 740 1500 accurate
754 1434 803 1499 hic
815 1455 965 1500 recensere
981 1434 1061 1500 nihil
1077 1436 1186 1500 attinet
1197 1435 1246 1520 (t).

127 1550 178 1612 Est
199 1549 232 1612 in
254 1549 316 1612 illis
337 1547 418 1612 lectu
441 1549 614 1635 dignissima
645 1549 924 1614 Demosthenis
952 1571 986 1614 ac
1012 1549 1249 1614 Massillonii

127 1663 328 1745 comparatio,
354 1667 486 1728 nostram
507 1666 597 1729 etiam
619 1665 652 1727 in
674 1662 810 1750 linguam
833 1685 974 1729 conversa
995 1663 1049 1727 illa
1072 1666 1133 1747 (3).
1183 1667 1250 1728 Sunt

126 1775 158 1837 in
182 1776 239 1850 iis,
264 1798 337 1858 quas
359 1777 534 1863 appellavit,
565 1779 721 1857 Vespercr,
748 1778 947 1863 dialogorum,
972 1780 1156 1856 carminum,
1179 1801 1250 1843 com·

127 1890 346 1955 mentationum
370 1914 506 1978 magnam
531 1892 674 1957 habentes
695 1894 877 1957 varietatem.
917 1895 967 1957 Est
988 1895 1075 1970 item,
1098 1916 1188 1977 quam
1205 1916 1251 1958 vo·

128 2006 225 2082 cavit,
251 2005 461 2070 Adalberti
484 2007 651 2094 coufessi0;
682 2005 737 2071 ubi
760 2029 848 2072 suum
871 2008 935 2092 ipse
957 2008 1118 2092 ingenium
1140 2009 1252 2072 mentis·

129 2140 188 2202 que
210 2141 281 2184 suae
304 2122 568 2185 conformationem
589 2123 691 2186 nativi
706 2122 830 2186 veritate
846 2122 1013 2205 depinxisse
1029 2128 1171 2187 censetur
1184 2124 1251 2186 luc·

127 2238 176 2298 tor
198 2235 258 2317 (4).
306 2234 370 2298 Alia
393 2241 561 2320 praetorem
587 2237 620 2298 in
645 2235 755 2319 quibus
778 2242 950 2300 exterorum
972 2237 1104 2300 earmina
1122 2236 1252 2301 imitandi

125 2350 271 2432 quaedam
300 2357 371 2415 sunt
401 2350 545 2436 pericula.
595 2351 653 2416 Sed
684 2373 760 2434 quae
789 2352 951 2416 memoravi
982 2353 1084 2415 omnia
1110 2350 1252 2415 scribendi

126 2465 303 2553 elegantiam
327 2466 363 2531 ad
387 2466 537 2531 docendos
558 2466 660 2550 potius
683 2488 717 2531 ac
731 2467 894 2551 sapientiae
909 2467 1074 2552 praeceptis
1092 2465 1252 2553 augendos,

134 2635 288 2643 Ἠ.

161 2758 197 2819 (l)
214 2758 246 2806 In
270 2758 309 2806 his
327 2756 520 2814 Olarissius,
538 2756 612 2820 cajus
629 2757 735 2820 dignum
758 2758 881 2820 estquod
904 2758 920 2806 l.
939 2757 957 2806 l.
974 2757 1124 2807 consulatur
1142 2757 1253 2806 modera-

127 2859 181 2900 tum
196 2850 331 2912 judicium.

160 2946 202 3007 (2)
220 2945 278 2994 Non
296 2945 381 2994 omnia
399 2944 516 3007 quidem,
533 2943 654 3008 pleraque
672 2951 775 3003 tamen,
787 2945 814 2993 in
832 2958 909 3008 opere
924 2949 1103 3005 recensentur,
1123 2944 1191 2994 nude
1207 2957 1252 2992 non

126 3038 197 3087 nulla
223 3053 292 3087 meos
318 3037 344 3086 in
363 3051 423 3086 usus
446 3037 532 3085 hausi:
555 3035 640 3087 Neuer
657 3035 781 3101 Nekrulop
806 3037 850 3086 der
872 3037 1023 3096 Deutsclrca,
1042 3034 1135 3101 Janq.
1154 3033 1251 3084 XXIV.

130 3136 203 3180 1846.
221 3130 252 3178 Τ.
270 3129 311 3189 ΙΙ,
330 3145 355 3194 p.
374 3135 516 3179 tto-643.
552 3131 591 3180 ibi
616 3132 683 3180 enim
707 3131 910 3182 Theraminii
928 3133 980 3182 vita
1003 3131 1114 3182 breviter
1137 3130 1255 3192 descripto

126 3228 216 3271 exstat.

160 3313 197 3376 (3)
216 3313 315 3371 Haece,
335 3326 400 3376 quae
419 3311 573 3361 Germanam
596 3312 672 3375 plane
695 3312 786 3374 refert,
810 3313 986 3377 inscriptione:
1009 3314 1255 3364 Demosthenes

126 3424 154 3456 aa
170 3406 361 3456 Massillon.
380 3401 448 3453 Eone
464 3403 535 3469 tr'jdr.
552 3411 583 3451 tot
602 3403 630 3452 de
646 3404 806 3469 qesrlrr'adear's
823 3405 865 3454 der
883 3404 1119 3470 Welsprclrendlrer'cl,
1136 3406 1194 3456 door
1209 3405 1255 3454 rr.

126 3499 223 3550 Ther.
244 3499 287 3550 Uir
302 3499 339 3548 tet
356 3497 453 3562 Hoopd.
470 3497 527 3546 door
543 3496 571 3547 J.
589 3494 725 3555 Schade;
743 3495 836 3561 Hapue
849 3495 912 3548 Gom.
933 3503 1007 3556 1847,
1025 3499 1043 3548 i.
1061 3504 1076 3548 8
1095 3500 1159 3549 min.
1177 3497 1255 3562 Opus·

126 3594 212 3643 culum
237 3593 330 3643 eximie
355 3592 489 3650 laudatur,
509 3605 588 3654 quum
614 3591 640 3639 in
657 3590 720 3654 Eph.
740 3588 799 3640 Rec.
820 3607 841 3639 ο.
863 3590 887 3639 d.
905 3590 977 3640 Reae.
998 3597 1077 3653 1848,
1095 3608 1121 3657 p.
1140 3597 1255 3645 26111111

126 3688 152 3736 in
171 3686 237 3750 Eph.
264 3684 322 3734 Vud.
339 3682 471 3747 Letteroeff
490 3688 567 3740 1848,
585 3698 609 3746 p.
625 3687 656 3731 49
675 3697 730 3746 sqq.
763 3681 815 3732 Ubi
830 3691 946 3732 accurate
964 3684 1045 3732 libelli
1064 3699 1166 3734 summa
1182 3683 1256 3734 refer·

125 3788 176 3828 tur.
213 3779 254 3828 De
272 3777 480 3842 interpretatione
498 3776 634 3825 honorifice
651 3777 719 3839 prior
733 3775 832 3838 judicat
849 3775 962 3834 Censor,
976 3790 1027 3825 non
1045 3778 1107 3826 item
1126 3779 1253 3841 posterior.

161 3870 198 3931 (4)
218 3866 304 3917 Germ.
323 3866 521 3929 Ateadstuadeu,
540 3868 580 3917 III
599 3867 702 3930 Banda;
721 3867 803 3916 Berot
827 3873 1006 3924 lass-isam
1025 3893 1054 3904 -
1074 3869 1255 3919 Adalbert’s

127 3962 314 4023 Betenntm'ssa;
332 3960 414 4009 Berot
435 3965 499 4010 1828
523 3969 599 4024 atquc
620 3962 715 4011 iterum
737 3966 808 4010 1885.
827 3987 859 3996 -
878 3962 932 4010 Diu
955 3970 1030 4012 antea
1044 3962 1098 4024 jem
1117 3961 1255 4024 gravissimi

126 4055 269 4117 argumenti
287 4054 380 4102 libram
399 4054 523 4103 ediderat:
542 4054 592 4103 Die
604 4052 682 4103 Letrc
696 4071 745 4103 nom
759 4051 830 4103 Grau.
840 4053 942 4117 Reicie5
962 4053 1043 4104 Berot.
1059 4061 1133 4104 1823.
1153 4057 1194 4106 Dc
1209 4068 1254 4119 quo

126 4148 175 4196 vid.
194 4146 391 4195 Fuhrmanni
409 4145 509 4195 [Ianua.
528 4145 570 4195 der
590 4157 695 4197 reuertar
718 4147 850 4198 amotus.
868 4147 1010 4212 Vol.I.p.
1029 4154 1093 4207 655;
1116 4175 1148 4184 -
1168 4151 1254 4199 Rure-

127 4258 142 4289 11
153 4242 216 4291 ilrii
235 4250 370 4290 comment.
385 4241 424 4288 in:
443 4238 513 4290 Stud.
528 4258 550 4290 u.
563 4240 685 4300 Krr'tilren,
702 4242 762 4291 Vol.
776 4242 809 4291 V.
830 4258 855 4304 p.
870 4248 920 4290 238
938 4258 985 4305 sq.;
1007 4268 1037 4277 -
1057 4244 1182 4305 imprimis
1199 4255 1255 4291 vcro

126 4335 374 4384 Zimmcrmunni
393 4344 418 4382 ot
438 4334 696 4398 lleydanrcichii
715 4333 905 4395 diarrutssetrr'ft
915 4341 970 4399 sur
988 4333 1253 4401 Pradiperwissensclr„

129 4429 189 4477 Vol.
209 4429 256 4478 IV.
278 4443 302 4491 p.
322 4433 369 4477 586
389 4444 445 4491 sqq.
