2782 4958
127 345 194 411 114
604 354 773 399 enumeres

124 529 218 595 cubui
251 527 411 594 domestico
442 523 575 610 regendo
604 522 787 588 destinatum
818 523 884 609 (1).
939 522 1029 595 Quod
1062 523 1260 589 utilissimum

125 665 213 729 epus,
240 647 271 707 et
291 643 410 726 piorum
434 637 679 705 Christianorum
702 643 733 701 at
755 659 826 703 vero
846 639 1027 704 Antistitum
1050 638 1160 704 usibus
1184 660 1262 704 com·

124 755 327 823 mendandnm
349 753 443 830 illud,
477 753 590 817 iterum
619 752 711 835 idque
734 753 850 816 minore
869 753 934 836 jam
957 755 1056 838 pretio
1078 752 1214 838 parabile
1235 759 1265 818 et

123 871 270 939 Auctoris
294 871 432 933 ornatum
457 866 568 952 effigie,
587 866 636 930 edi
652 872 791 949 coeptum
814 871 860 929 est
881 866 1094 948 memorant,
1113 889 1141 935 a
1161 870 1261 932 1850.

170 1204 251 1291 Pap.
280 1206 364 1279 188,
390 1201 584 1266 Clarissii
608 1199 805 1271 adulescentis
828 1199 1061 1283 disputationem
1084 1200 1265 1286 attigimus,

124 1320 179 1387 ubi
211 1318 328 1384 Veteres
350 1320 470 1380 nostros
493 1313 615 1390 Pectus,
641 1334 719 1397 ques
741 1312 988 1383 Nederlandicos
1010 1313 1131 1379 Medios
1147 1311 1198 1402 (2)
1222 1335 1266 1378 re·

129 1433 323 1517 centissimns
352 1427 565 1501 nonnullorum
596 1427 839 1512 appellaturus,
864 1427 896 1493 id
919 1431 965 1495 aet
987 1427 1271 1495 Maerlautium

129 1549 256 1632 ejusque
283 1544 441 1631 aequales,
472 1544 614 1613 matricae
640 1542 828 1627 syllabarum
856 1542 1059 1607 dimensionis
1086 1562 1152 1610 nou
1180 1540 1270 1626 plane

131 1663 306 1746 ignorantes
336 1660 430 1744 luisse
459 1660 555 1727 docet.
603 1661 694 1732 Quod
716 1661 836 1744 ipsum,
864 1637 1095 1726 Maerlantii
1118 1661 1271 1744 imprimis

131 1772 270 1859 pluribus
293 1774 330 1839 ad
351 1773 515 1844 Presodiae
537 1775 626 1860 pedes
649 1776 797 1843 revocatis
819 1772 967 1854 uersibus,
987 1776 1130 1840 adversus
1145 1775 1270 1861 elegen·

35 1890 39 1898 '
132 1889 303 1968 tissimum,
328 1889 381 1972 qni
404 1910 492 1955 secus
516 1895 679 1968 statuerat,
706 1889 945 1974 Huiningam
976 1887 1200 1953 Bakkcrum
1220 1887 1271 1951 de·

134 2007 293 2075 monstrat.
328 2001 419 2082 Quod
442 2026 625 2089 veroquam
649 2003 840 2071 memorabile
863 2005 955 2069 fuerit
977 2007 1010 2068 et
1031 2007 1177 2086 quantam
1195 2007 1270 2068 tunc

133 2119 278 2183 novitatis
301 2119 590 2188 commendationem
614 2118 726 2189 habens
747 2118 955 2204 Praeceptoris
978 2118 1075 2182 nostri
1094 2118 1268 2196 inventum,

133 2236 237 2313 postea
259 2229 397 2310 demum,
423 2231 660 2318 intelligentium
683 2233 889 2297 admonitione
915 2232 1125 2317 praelucente,
1150 2231 1273 2314 plenius

9 2434 12 2437 ,
133 2344 280 2429 perspexi.
315 2343 455 2429 Utroque
470 2346 564 2421 enim,
581 2347 662 2430 quod
680 2346 818 2430 proxime
827 2347 889 2431 jam
912 2345 1081 2431 praeteriit,
1100 2344 1215 2422 seculo,
1233 2343 1271 2407 de

54 2446 59 2456 ’
134 2455 387 2534 Massiuam,
410 2458 576 2523 Aemilii
598 2459 717 2525 Stoke
741 2463 831 2543 atque
853 2458 1021 2543 aequalium
1043 2455 1193 2539 versibus,
1218 2479 1272 2523 ru·

134 2570 224 2644 dibus
246 2570 333 2656 plane
356 2577 446 2656 atque
467 2573 648 2652 inconditis,
671 2573 775 2639 eadem
798 2574 876 2658 apad
899 2579 1050 2640 nostrates
1065 2573 1169 2658 opinio
1189 2574 1271 2658 rige·

134 2683 206 2764 bat,
231 2706 339 2769 quam,
367 2684 403 2748 ab
427 2685 635 2781 Huiziugt
661 2687 850 2753 Bakkero
871 2689 970 2754 denuo
992 2691 1233 2773 propugnatum,
1255 2709 1273 2751 a

134 2797 332 2864 Clarissio
355 2804 479 2864 strenue
498 2801 684 2866 confutatam
707 2824 772 2867 esse
788 2802 929 2867 diximus.
967 2805 1026 2879 Ac,
1051 2801 1274 2886 quinquaginta

135 2913 256 2978 demum
288 2919 318 2977 et
350 2915 430 2998 quod
461 2914 551 3000 longe
582 2914 761 2980 excurrebat
791 2922 858 3002 post
880 2917 987 2997 annis,
1012 2916 1091 2981 vidit
1112 2920 1216 3000 atque,
1241 2939 1270 2981 e.

136 3029 236 3102 1837,
260 3026 380 3110 publice
402 3028 507 3092 docuit
522 3029 554 3091 in
576 3029 686 3114 Belgio
702 3030 884 3094 clarissimus
903 3031 1178 3108 Bormansius,
1197 3053 1273 3115 quos

138 3140 211 3204 adeo
238 3141 370 3206 incultos
393 3147 571 3227 putaverant
593 3164 716 3223 versus,
751 3166 802 3208 eos
825 3146 862 3210 ad
885 3150 982 3209 certas
1004 3144 1167 3208 Prosodiae
1190 3143 1273 3230 leges

135 3257 320 3341 compenor
348 3279 413 3327 essa
442 3263 493 3341 e,
526 3258 589 3323 sive
614 3261 744 3345 jaune·
765 3261 828 3325 sinc
850 3280 903 3325 au
925 3241 1087 3337 caecare,
1112 3258 1273 3323 aeneam

136 3372 267 3458 aliquem
291 3370 474 3456 syllabarum
496 3394 656 3440 numerum
687 3375 797 3441 babere
820 3393 855 3436 ac
878 3372 1104 3449 dimensionem.
1149 3371 1276 3438 Primus

136 3488 233 3573 igitur
256 3487 349 3557 fuisse
371 3487 623 3557 Bormansius
639 3488 789 3574 plerisque
812 3487 894 3551 visus
917 3490 973 3565 est,
991 3487 1045 3570 qui
1061 3506 1179 3565 eorum,
1197 3507 1275 3571 quos

135 3601 283 3679 diximus,
308 3601 469 3667 Poetarum
494 3603 651 3669 metricam
675 3602 823 3666 rationem
846 3621 880 3664 ao
903 3600 1137 3663 concinnitatem
1160 3601 1275 3684 perspi·

136 3719 217 3778 ceret
240 3736 274 3779 ac
297 3715 473 3780 declararet.
511 3714 703 3798 Quamquam
725 3716 758 3778 in
782 3713 905 3780 honoris
923 3714 1096 3782 societatem
1118 3713 1215 3777 iidem
1236 3714 1275 3778 cl.

136 3826 307 3893 Munium
334 3828 473 3915 (Mons)
497 3831 705 3907 admitterent,
729 3832 783 3915 qui
801 3832 938 3915 proximo
958 3831 1099 3915 deinceps
1118 3850 1199 3892 anno
1218 3850 1275 3892 no·

135 3940 275 4011 bilissimi
298 3943 381 4010 illius
401 3945 566 4031 Belgarum
588 3945 733 4011 Ductoris
750 3951 782 4010 et
799 3946 919 4012 inventa
941 3944 1124 4032 suppleverit
1144 3944 1175 4008 et
1194 3965 1276 4009 erro·

125 4161 282 4173 *mu—m-

167 4319 205 4382 (l)
224 4317 370 4383 Aanlcidinp
386 4326 419 4368 tot
430 4317 564 4394 buisselijlrc
584 4315 841 4383 desds'enstocsenr'nq.

165 4410 206 4476 (2)
224 4409 506 4464 Middennedsrloadscb.
