2782 4958
528 364 688 411 censuale.
1109 348 1170 411 lde

30 539 65 601 iu
89 537 167 601 hanc
197 536 324 602 inclinat
346 541 481 623 partem,
513 558 583 600 mox
605 536 696 620 justis
718 535 782 598 sine
805 534 915 599 caussis
937 535 970 598 in
993 535 1170 598 contrariam

28 652 162 716 inflectit
184 657 344 736 nutatque,
370 674 426 717 nec
449 653 539 717 certis
563 651 728 715 ducendam
751 671 782 714 se
805 655 889 713 curat
908 648 1063 732 judicandi
1085 649 1170 732 prin·

29 765 133 851 cipiis.

74 1101 185 1165 Verum
207 1120 268 1163 non
290 1101 407 1166 minora
434 1103 583 1186 proximis
604 1105 689 1167 annis
712 1104 894 1168 incrementa
917 1103 1063 1186 lleycri
1086 1101 1168 1186 cepit

27 1211 228 1276 Euchiridiou
251 1212 340 1277 dcctt
362 1219 393 1278 et
414 1214 565 1279 industritt
587 1237 624 1279 ex
648 1219 738 1301 opert
760 1205 912 1293 binorum,
938 1217 993 1300 qui
1017 1216 1077 1279 Viri
1100 1236 1168 1299 gra·

28 1328 147 1393 tissimi
162 1348 290 1411 pensum
303 1328 520 1412 pertexendam
539 1335 747 1413 susceperunt,
765 1329 982 1415 Theologorum
996 1331 1169 1414 juniorum„

28 1443 55 1506 J.
74 1442 110 1505 Ε.
134 1440 300 1505 Hntheri
317 1447 347 1504 et
363 1441 425 1506 Th.
446 1444 706 1508 Liinemanni.
737 1446 810 1508 Nam
827 1444 1045 1509 Huthcrum
1063 1445 1166 1518 etiarn,

30 1555 102 1637 qui,
136 1557 255 1620 tametsi
280 1557 435 1640 Gpmuocit'
458 1556 556 1621 adhuc
579 1558 806 1624 Schwericeuait
826 1561 936 1625 Ductor
957 1565 1021 1640 est,
1054 1560 1169 1623 naviter

30 1668 104 1733 tdeo
135 1675 306 1735 nostrorum
336 1693 367 1735 se
397 1672 513 1736 socium
542 1671 662 1756 praebet
691 1672 878 1747 studiorum,
902 1673 970 1756 jure
995 1674 1169 1755 Theolopum

30 1781 128 1847 dicere
158 1782 241 1849 licet.
290 1785 351 1848 Suo
379 1785 442 1868 jam
466 1785 573 1863 llatte,
605 1788 672 1847 ante
695 1783 750 1848 hos
771 1783 943 1866 quindecim
966 1788 1019 1847 aut
1041 1783 1168 1847 sedecim

29 1918 135 1972 annos,
161 1898 195 1960 iu
217 1895 378 1982 Epistulam
400 1898 442 1961 ad
462 1898 642 1962 Golotteoses
668 1898 915 1961 commentarium
937 1896 1088 1972 ediderat3
1113 1895 1167 1960 ubi

29 2031 93 2075 eam
116 2011 256 2075 universe
277 2011 495 2096 interpretandi
518 2012 596 2076 viam
619 2010 799 2095 sequebatur
825 2033 860 2075 ac
882 2012 1028 2074 rationem
1051 2007 1168 2073 theolo-

29 2124 142 2210 gicam,
169 2145 270 2207 quam,
296 2122 473 2208 explicandd
495 2125 537 2187 od
558 2124 702 2202 Ephesios
725 2122 869 2209 Epistold,
894 2124 1057 2208 praeiverat
1081 2125 1168 2186 llar-

30 2235 192 2303 leszius.
246 2239 289 2302 lta
322 2243 441 2315 tamen,
471 2242 560 2302 utet
583 2238 800 2315 commodiore,
836 2259 925 2321 quam
957 2239 1068 2302 fecerat
1093 2235 1165 2318 illc,

30 2353 136 2417 ordine
161 2353 421 2417 commentationis
448 2355 624 2438 argumenta
657 2352 845 2437 disponeret,
882 2374 938 2416 nec
966 2356 1030 2415 tam
1059 2350 1167 2414 acriter

28 2468 115 2534 aliter
129 2470 323 2533 sentientium
339 2459 510 2533 occurreret
523 2465 727 2552 opinionibus.
761 2466 926 2532 liutheri
948 2464 1025 2529 hanc
1048 2486 1166 2550 operam

29 2584 168 2648 universe
189 2583 354 2668 laudtrunt
374 2583 454 2648 cives
476 2604 510 2646 ac
532 2582 569 2646 de
591 2581 714 2646 meliore
731 2583 805 2646 notat
821 2579 1081 2646 commenddrunt.
1106 2582 1165 2646 Nec

26 2695 141 2780 iujurit
163 2701 262 2761 tamen
283 2697 373 2761 nimis
396 2697 534 2761 diffusam
556 2694 668 2759 librum
689 2693 795 2759 habere
814 2695 1046 2780 disputationem
1064 2715 1165 2779 repre·

29 2807 210 2894 henderunt,
233 2832 267 2874 ao
286 2814 410 2884 tantam,
432 2813 573 2893 quantam
592 2829 654 2872 non
673 2810 839 2891 requireret
856 2807 1004 2893 Epistulae
1021 2807 1162 2890 brevitas,

28 2920 192 2987 inmolem
214 2924 377 2987 excrevisse
402 2922 456 3009 (l).
506 2923 564 2987 Sed
588 2922 660 2986 haec
682 2923 766 2987 olim.

33 3074 36 3079 ·
67 3040 248 3103 Recentiore
269 3039 426 3113 memorid,
451 3040 594 3123 Meyeri
616 3040 696 3104 vices
714 3038 868 3124 supplens,
886 3039 1061 3125 Gocttingae
1080 3060 1162 3103 ccm-

29 3153 206 3218 mentarium
220 3153 315 3218 edidit
326 3154 359 3217 in
373 3152 517 3238 Epistulas
532 3156 573 3217 ad
586 3155 768 3218 Timotheum
780 3163 809 3216 et
827 3155 936 3233 Titum,
951 3175 979 3217 a.
998 3154 1101 3230 l850;
1117 3191 1159 3202 -

27 3268 55 3334 iu
77 3278 232 3353 utromque
250 3268 336 3332 Petri
354 3276 384 3332 et
402 3267 501 3332 Jadae
524 3266 705 3354 Epistolam,
730 3291 758 3332 a.
788 3270 890 3347 l8523
913 3302 957 3315 -
979 3267 1100 3332 tandem
1123 3267 1158 3330 iu

25 3391 82 3450 tres
104 3385 259 3449 Joauneat
280 3385 367 3467 Epp,
392 3404 417 3448 a.
439 3383 536 3447 rste.
575 3383 686 3448 Prioris
708 3383 864 3467 utriusque
886 3382 957 3447 libri
980 3403 1069 3467 supra
1091 3381 1158 3447 bre·

15 3574 181 3590 Q*

52 3714 94 3779 (1)
112 3713 263 3764 Inscribitur
280 3713 360 3765 liber:
383 3715 411 3766 J.
428 3714 459 3764 n.
479 3714 525 3774 H.‚
545 3713 620 3766 Oond.
638 3715 681 3765 des
698 3714 790 3765 Hamd.
811 3712 923 3773 Minist,
943 3728 1023 3762 comm.
1048 3712 1086 3761 dd.
1109 3711 1154 3762 den

15 3807 105 3874 Briqf
114 3807 151 3859 P.
170 3824 202 3858 on
218 3807 256 3859 dic
272 3807 399 3872 Colossum
414 3808 505 3858 Hantb.
526 3815 601 3859 1841.
619 3807 645 3856 Χ
662 3818 689 3859 et
708 3811 756 3858 437
777 3824 817 3872 pp.
829 3833 860 3844 -
872 3806 930 3867 Quo
948 3806 979 3855 de
997 3818 1074 3869 opere
1092 3820 1153 3855 nos-

15 3904 66 3955 tris
84 3917 144 3952 cum
162 3903 266 3952 monitis
284 3903 350 3952 dicta
367 3903 406 3952 off.
425 3901 456 3951 ab
474 3903 628 3966 Anonymo‚
646 3903 672 3952 iu
691 3901 912 3951 Rheinwaldii
929 3897 986 3962 allp.
1004 3896 1102 3962 Repert.
1121 3900 1152 3947 ad

14 3991 1048 4060 m.Oct.1841,p.1aqut-aKtichlero,inTholuckiilit.Ant.
1070 3997 1150 4051 1842,

14 4104 42 4154 p.
63 4093 115 4137 338
133 4099 200 4151 sqq-t
220 4111 251 4122 ·-
270 4102 286 4136 a
305 4087 400 4138 Wilh.
417 4088 534 4148 Klose,
549 4086 720 4148 Chiloniensi‚
737 4088 763 4136 in
778 4085 815 4138 N·
831 4085 959 4136 Jenatscta
975 4085 1033 4151 ollq.
1049 4083 1099 4135 Lu.
1112 4083 1149 4134 Z.

18 4185 105 4238 1⁸42,
123 4177 171 4228 No.
194 4183 248 4229 185.
284 4179 336 4242 Qui
353 4195 442 4232 omnes
459 4183 578 4231 universe
595 4181 806 4231 commentarium
824 4180 969 4229 laudarunt.
1000 4179 1149 4228 Postremus

15 4281 123 4330 tamen,
141 4285 217 4336 quarn
235 4272 302 4330 dixi,
322 4270 418 4324 Censor
437 4275 617 4324 Paullinorum
639 4275 664 4322 in
686 4286 716 4322 eo
732 4273 857 4324 desiderat
876 4273 1044 4335 cogitatorum
1062 4269 1148 4332 expli·

16 4368 155 4417 cntionem.
197 4365 249 4416 Ubi
274 4367 369 4418 nollem
396 4368 555 4418 ltt'iclrerti
582 4369 742 4430 potissimum
768 4367 918 4416 imitandum
947 4363 1149 4414 commenddaset

16 4458 172 4523 exemplum.
