2782 4958
614 124 778 168 mesurae.
1223 100 1263 161 21

136 295 170 358 de
190 315 253 379 quo
275 315 337 359 uno
360 313 441 358 nuuc
461 293 592 378 agimus,
618 293 763 356 acriorem
779 310 875 376 nuper
893 288 1010 355 invenit
1031 294 1122 374 atque
1136 290 1264 374 iniquio·
1332 370 1335 377 Ι

135 422 208 484 rem,
235 410 262 472 ai
285 407 358 492 quid
382 407 481 483 video,
496 406 631 490 judicem
653 404 872 469 Eualdium
890 403 950 490 (1).
976 402 1097 489 Quippe
1111 424 1201 489 quem
1223 403 1267 468 ie·

136 524 246 603 neree,
265 523 290 586 ei
306 522 359 607 qui
375 526 459 596 eunt,
486 518 629 584 Thenii
649 540 776 596 errores,
799 517 882 602 quasi
900 517 1037 602 capitalia
1053 518 1262 602 sint‘peccatu
1380 563 1385 573 ·

134 638 163 702 iu
187 636 380 721 triumphum
402 636 560 699 ducentem
584 633 750 700 videamur.
795 631 885 705 Quod
909 634 941 697 iu
964 632 1094 719 singulis
1116 633 1179 697 fere
1201 635 1266 717 ejus

134 752 224 817 dictis
249 755 370 836 apparet
391 747 628 835 reprehendendi
651 747 798 813 studium.
849 747 951 811 Immo
970 746 1084 830 juetam
1106 746 1196 810 etiam
1220 767 1265 813 er·

131 868 286 952 gementi,
304 865 383 949 quod
406 863 596 929 tractandum
620 868 703 938 erat,
728 863 933 948 cognitionem
956 866 987 926 et
1005 861 1115 946 judicii
1137 860 1265 946 integri·

129 985 226 1045 tatem
251 985 294 1060 et,
319 1000 357 1042 ne
379 979 454 1063 quid
476 960 638 1042 criminum
662 976 751 1048 desit,
776 977 876 1061 ipsum
898 977 972 1040 adeo
995 978 1058 1042 veri
1082 996 1213 1040 amorem
1228 974 1265 1039 ab

127 1100 257 1160 auctore
279 1093 440 1179 abjudicat.
486 1094 525 1157 Iu
547 1089 649 1174 quusi
672 1110 765 1173 pauca
787 1089 900 1170 iaudat,
917 1111 956 1153 ne
971 1091 1052 1175 ipeae
1074 1089 1196 1174 quidem
1211 1088 1267 1152 hae

125 1207 237 1273 laudes
260 1230 277 1272 a
299 1208 519 1292 vituperatione
542 1195 633 1292 longe
658 1206 777 1271 abeunt.
826 1203 913 1277 Quae
935 1206 1005 1270 telis
1026 1209 1168 1288 tantaque
1183 1224 1267 1268 acer·

124 1320 211 1387 bitae
236 1321 345 1386 velex
367 1343 472 1385 eevero
494 1311 646 1385 exstitisse
669 1321 790 1384 videtur
812 1342 846 1384 ac
869 1341 986 1385 moroso
1017 1318 1188 1383 Eualclii
1219 1319 1290 1382 iri-⁴

125 1437 245 1522 genic,
263 1435 319 1501 'vel
341 1457 378 1501 ex
400 1435 568 1515 Thcuii,
593 1455 654 1498 nen
677 1456 744 1498 raro
766 1432 804 1498 ab
827 1433 880 1499 illo
903 1435 1062 1499 dissentire
1086 1433 1168 1508 ausi,
1202 1434 1265 1497 siae

123 1548 337 1634 imprudentia
359 1568 413 1612 eeu
441 1548 581 1612 caudore.
631 1548 745 1612 Verum
770 1540 918 1624 teneatis,
943 1568 1071 1633 quaeso,
1101 1547 1261 1613 Lectores!

125 1684 222 1749 quam
254 1662 425 1728 luculenter
455 1664 508 1726 hic
537 1660 638 1728 denuc
658 1663 848 1727 verissimum
871 1663 1081 1727 confirmatum
1111 1663 1265 1727 videamus

132 1778 244 1844 Ovidii
266 1769 402 1843 dictum:

312 1939 379 2006 Pro
401 1952 492 2026 captu
515 1941 631 2009 lectoria
652 1938 762 2006 liabent
782 1962 841 2005 cua
857 1938 931 2026 sata
954 1937 1059 2003 libella.

176 2115 279 2188 Quem
303 2117 384 2180 enim
413 2116 555 2181 Thenii
585 2117 835 2181 commentarium
858 2116 910 2179 vix
932 2104 1010 2181 ulla’
1025 2115 1113 2179 leude
1136 2115 1264 2200 dignum

128 2232 289 2315 reputtrat
311 2229 521 2307 Enaldiue‚
546 2231 674 2294 eundem
697 2230 789 2295 nullis
811 2249 873 2293 nou
895 2228 1035 2294 laudibus
1048 2230 1218 2294 ornandum
1234 2234 1265 2293 et

128 2338 347 2409 cumulandum
362 2348 393 2408 et
407 2344 439 2408 iu
452 2336 569 2409 coelum
584 2344 741 2409 ferendum
756 2364 821 2408 esse
835 2344 943 2408 statuit
957 2343 1190 2409 Ruetschiu‘s
1205 2345 1264 2430 (2);

129 2477 224 2543 aquo
243 2477 316 2522 rere
337 2456 446 2521 lectam
468 2478 533 2522 ease
552 2478 709 2522 censuram
732 2458 951 2525 Ematdienum
973 2481 1034 2523 non
1050 2461 1263 2545 comperimus.

128 2569 288 2656 Quicquid
311 2572 369 2651 eit,
394 2570 452 2635 hoc
475 2571 596 2636 demum
617 2573 700 2636 edito
721 2572 976 2660 libr0,'iuriguia
998 2574 1129 2638 Litterae
1156 2596 1264 2660 exege-

130 2687 207 2749 tieae
229 2685 415 2750 incrementa
437 2687 550 2770 cepisse
573 2685 711 2761 affirmat3
744 2686 781 2751 de
810 2708 871 2773 quo
892 2709 928 2752 eo
958 2709 990 2751 se
1013 2687 1108 2752 citius¹
1135 2689 1260 2765 referre,

132 2818 193 2883 quo
216 2798 366 2862 maturius
388 2799 484 2863 multa
504 2799 557 2865 illa
579 2798 725 2865 Thenii
748 2803 887 2884 inventa,
912 2824 1040 2888 quorum
1063 2824 1131 2888 pare
1154 2804 1186 2866 in
1211 2803 1263 2866 ad-

133 2913 324 2976 mirationem
346 2913 420 2977 edeo
442 2914 539 2998 rapiat
559 2912 715 2992 lectorem,
733 2913 770 2980 ab
786 2913 926 2982 omnibus
941 2924 1175 3004 cognoscantur,
1192 2939 1262 3002 pro·

134 3025 254 3104 bentur,
280 3026 494 3092 incommune
516 3028 687 3093 studiorum
709 3026 880 3094 nostrorum
903 3029 1015 3096 bonum
1032 3035 1261 3096 convertantur.

137 3139 277 3224 Ejusdem
306 3140 444 3205 'I'henii
475 3141 511 3206 ad
534 3141 704 3228 indaganda
730 3166 766 3208 ee
787 3143 918 3208 sananda
940 3139 1043 3210 textus
1066 3146 1262 3211 Maeurethiei

138 3254 240 3319 menda
261 3263 408 3339 quantum
430 3277 556 3320 acumen
579 3262 668 3337 esset,
693 3257 846 3324 Samuelis
867 3253 1013 3323 librorum
1033 3259 1096 3343 jam
1124 3260 1262 3324 docuieee

139 3368 427 3453 interpretationem
451 3369 504 3432 sed
526 3390 608 3434 nunc
629 3372 673 3434 ite
696 3378 790 3436 semet
812 3392 881 3436 eum
904 3375 1070 3458 ruperteee,
1090 3378 1126 3438 ut
1143 3375 1263 3438 cautius

140 3484 234 3563 etiam,
259 3503 349 3567 quam
372 3480 471 3560 antea,
489 3488 519 3546 ct
535 3484 783 3568 circumspectius
802 3493 833 3551 et
848 3491 972 3552 omnino
990 3487 1098 3553 melius
1120 3510 1182 3553 rem
1202 3490 1261 3553 cri-

140 3597 223 3662 ticam
247 3601 363 3682 ageret.
411 3596 527 3675 Porro,
553 3597 680 3662 eundem
704 3599 730 3662 ei
753 3600 857 3664 audies
879 3601 1164 3679 Ruetechium‚
1190 3605 1261 3666 uni·

141 3778 281 3790 ——-—-

170 3896 207 3961 (l)
229 3894 292 3949 Vid.
315 3894 451 3948 unaldii
473 3913 549 3965 opus:
571 3897 723 3951 Jaartucter
742 3902 785 3952 der
806 3901 874 3952 Bitu.
903 3901 1122 3966 meccedem&
1169 3901 1260 3953 Janra.

145 3993 201 4041 rece
220 3991 317 4056 (uocat.
338 3993 431 4056 1850),
449 4009 475 4059 p.
496 3984 606 4044 ee-ac‘.
1236 4064 1241 4069 ¹

171 4081 210 4146 (2)
228 4084 288 4135 viu.
305 4085 337 4136 R.
355 4085 518 4146 Rfietechi,
538 4100 668 4138 sacrorum
683 4087 710 4137 in
728 4089 838 4153 regionis
849 4088 985 4141 Berueneis
1004 4087 1214 4153 pegeAutietcm
1233 4088 1266 4140 iu

143 4172 228 4228 Ullm.
246 4183 273 4229 ct
289 4176 394 4230 Umbr.
414 4176 482 4230 sau.
497 4197 521 4229 a.
536 4177 663 4241 Kricilccn,
687 4187 766 4239 1852,
787 4182 808 4231 Ι.
826 4197 851 4245 p.
872 4185 1013 4231 lul-199.
