2782 4958
590 375 645 418 usu
669 374 777 418 recor.
1192 355 1255 418 ⁰221

121 545 265 610 historice
288 543 474 621 illustrandi,
485 543 702 608 consuetudine
725 543 870 610 carebunt
892 543 983 609 iidem
1001 551 1090 630 atque
1112 548 1257 612 exercita·

120 661 219 724 tione.
267 658 452 745 Theologum
475 657 534 722 tibi
557 658 698 723 informes
714 657 816 735 velim,
841 657 888 724 νε]
911 659 1101 726 auditoribus
1117 661 1256 726 Criticam

122 795 235 837 sacram
263 780 354 858 atque
378 772 632 837 Hermeneuticam
655 776 867 856 exponentem,
892 771 941 837 νε]
963 775 1076 839 Veteris
1105 780 1158 839 ant
1180 776 1256 839 Novi

123 888 263 952 Foederis
284 886 431 952 librorum
453 892 568 972 partem
591 883 722 968 aliquam
744 906 814 950 cum
836 885 874 950 iis
894 888 1151 972 interpretantem.
1178 888 1257 964 Quid

123 1004 219 1087 magis
241 1005 270 1067 ei
293 1002 424 1088 optabile
447 1002 613 1081 videbitur,
638 1022 729 1084 quam
751 1006 787 1065 ut
809 1000 973 1086 discipulos
989 1001 1107 1080 habeat,
1122 1003 1175 1086 qui
1191 1001 1259 1067 aliis

124 1118 156 1180 in
170 1115 288 1181 Scholis
299 1119 470 1202 exegeticon
486 1116 639 1181 doctrinae
650 1115 819 1179 rudimenta
833 1117 1020 1200 perceperint
1034 1137 1068 1180 ac
1083 1116 1258 1182 tirocinium

124 1232 273 1296 fecerint?
306 1232 339 1296 Si
360 1233 442 1296 enim
464 1253 515 1295 eos
536 1230 737 1295 instituendos
752 1228 868 1304 habeat,
894 1219 969 1313 quos
984 1231 1143 1315 imparatos
1157 1230 1258 1296 subito
1301 1268 1303 1273 ·

125 1346 158 1408 in
181 1343 270 1428 plane
293 1346 428 1430 ignotam
451 1346 489 1408 iis
511 1350 621 1410 terram
644 1344 789 1408 deducere
812 1342 935 1419 debeat,
956 1367 993 1409 nc
1012 1346 1121 1410 frustra
1145 1344 1259 1410 laboret

126 1458 289 1522 verendum
314 1463 371 1522 est.
420 1459 443 1524 0
467 1459 583 1523 utinam
607 1458 638 1522 id
662 1479 764 1522 omnes
786 1459 829 1521 ita
851 1458 1029 1542 percipiant,
1047 1464 1084 1523 ut
1104 1482 1136 1524 se
1158 1481 1259 1545 perce·

125 1572 208 1656 pisse
224 1572 440 1636 demonstravit
463 1572 644 1657 Origenes
667 1578 697 1637 ct
720 1570 981 1636 Melanchthon
1004 1578 1035 1637 et
1058 1574 1208 1639 Grotius
1230 1580 1261 1639 et

125 1686 339 1750 Ernestius
362 1691 392 1750 et
414 1686 659 1770 praestantissimi
691 1688 804 1770 quique
828 1688 983 1751 Sacrorum
1007 1689 1183 1754 Litterarum
1213 1689 1261 1754 lu·

126 1799 290 1884 terpretes!
340 1799 427 1876 Quod
449 1802 475 1864 si
497 1801 711 1885 perspicerent,
737 1821 798 1863 non
822 1799 854 1863 id
877 1801 1012 1884 profecto
1030 1801 1182 1867 sublatum
1198 1802 1262 1868 vel·

126 1913 194 1979 lent
215 1920 305 1998 atque
329 1914 506 2000 abrogatum
529 1915 716 1988 institutum,
743 1913 824 1996 quod
848 1913 884 1978 ad
908 1912 1098 1979 humaniores
1124 1922 1261 1981 accurate

127 2034 357 2113 constanterque
372 2027 512 2093 colendas
527 2031 650 2093 Litteras
665 2030 728 2093 und
743 2027 878 2092 omnium
896 2028 1061 2093 certissimt
1080 2030 1131 2094 vid
1146 2035 1262 2095 nostros

128 2141 252 2207 adducit
274 2147 305 2207 et
326 2142 456 2228 impellit
479 2142 716 2209 Commilitones.
730 2144 892 2208 -Verum
908 2143 1037 2208 eundem
1053 2145 1142 2210 etiam
1165 2150 1262 2211 atten-

129 2257 183 2321 das
198 2259 357 2323 Doctorum
376 2259 591 2339 academicum,
608 2257 657 2322 vel
673 2257 782 2324 Christi
798 2258 955 2323 Societetis
970 2255 1124 2324 historiam
1140 2281 1174 2324 ac
1190 2281 1262 2324 con·

132 2373 274 2448 tinentia,
298 2395 374 2457 quae
397 2395 460 2436 eam
484 2374 651 2458 agitdrunt,
676 2372 856 2458 placitorum
877 2373 1038 2437 certamina
1061 2379 1261 2451 enarrantem,

133 2485 184 2552 vel
206 2487 239 2550 in
263 2485 484 2572 Philosophiam
507 2487 544 2551 de
566 2489 628 2551 Deo
650 2487 774 2571 ejusque
797 2487 856 2550 fata
871 2507 941 2551 cnm
955 2485 1144 2551 auditoribus
1162 2487 1264 2572 inqui·

133 2604 263 2682 rentem,
287 2599 336 2664 νε]
357 2601 552 2686 Dogmaticcn
574 2606 784 2685 exponentem,
810 2599 858 2665 νε]
880 2599 953 2664 alias
975 2601 1128 2667 doctrinae
1147 2608 1265 2670 nostrae

134 2717 234 2799 partes
255 2714 436 2779 tradentem.
460 2710 516 2778 'ld
546 2735 616 2778 saue
646 2715 674 2778 ei
701 2712 864 2800 diligenter
886 2715 1036 2800 agendum
1058 2717 1128 2798 erit,
1152 2721 1189 2781 ut
1210 2738 1266 2783 au-

134 2827 283 2892 ditoribus
304 2828 477 2913 purissimos
502 2849 636 2912 quosque
657 2850 759 2894 earum
789 2829 887 2893 fontes
909 2829 1032 2914 aperiat,
1058 2851 1167 2915 eosque
1192 2831 1265 2898 iude

134 2943 249 3027 potius,
274 2964 362 3026 quam
385 2964 422 3008 ex
444 2942 574 3007 turbidis
597 2942 854 3026 qualibuscunque
869 2943 988 3018 rivulis,
1005 2941 1144 3028 limpidas
1167 2946 1267 3011 erudi·

134 3058 229 3122 tionis
251 3057 345 3123 veluti
367 3079 458 3143 aquas
481 3057 600 3123 haurire
624 3058 737 3123 doceat.
786 3059 876 3141 Atqui
899 3056 964 3139 illa,
995 3078 1071 3140 quae
1094 3055 1183 3122 nobis
1196 3057 1284 3143 fora.

137 3173 224 3249 tiam,
250 3172 360 3257 quibus
375 3195 461 3260 agros
475 3172 647 3258 irrigemus,
664 3171 757 3235 instar
772 3175 856 3251 suut,
873 3175 1078 3246 monumenta,
1096 3171 1267 3254 antiquiora

137 3288 271 3372 quidem,
298 3288 438 3373 pleraque
460 3286 508 3353 rel
531 3287 638 3352 Graece
659 3290 732 3350 suut
754 3284 800 3350 νε]
824 3285 926 3349 Latine
942 3283 1123 3367 consignata.
1157 3285 1267 3349 lterum

137 3403 234 3488 igitur
263 3403 442 3468 Litterarum
476 3402 534 3465 nisi
568 3402 682 3486 peritos
711 3398 850 3463 habuerit
879 3397 1039 3477 auditores,
1073 3419 1170 3462 sacrae
1196 3398 1266 3462 doc·

138 3519 235 3582 trinae
258 3517 294 3582 de
314 3517 452 3604 fontibus
474 3516 642 3600 disputans,
667 3514 766 3580 surdis
788 3513 874 3596 quasi
887 3514 1042 3600 fabellam
1065 3511 1210 3579 narrabit.

184 3746 362 3812 Luculenter
393 3747 489 3833 igitur
518 3746 597 3811 dicta
619 3746 824 3810 demonstrant
846 3764 885 3808 ex
908 3741 1051 3828 abrogato
1073 3740 1195 3829 linguae
1217 3745 1270 3808 La-

139 3861 231 3939 tinae,
258 3862 312 3945 qui
334 3860 432 3926 adhuc
455 3860 600 3936 obtinuit,
625 3881 682 3924 usu
705 3862 852 3943 quantum
885 3855 1059 3921 detrimenti
1085 3864 1207 3943 captura
1229 3859 1272 3924 sit

139 3961 304 4041 academica
330 3975 549 4061 'theologorum
565 3975 717 4040 institutio
732 3981 820 4059 atque
834 3976 898 4060 ipsa
913 3974 987 4038 adeo
1003 3973 1112 4038 Christi
1127 3974 1269 4042 Ecclesia.
1294 4040 1296 4044 ,

140 4091 237 4175 liujus
260 4092 340 4155 enim
363 4095 545 4175 quantopere
568 4090 687 4154 intersit
718 4095 754 4153 ut
782 4089 948 4154 identidem
969 4087 1053 4152 illius
1074 4111 1128 4174 per
1150 4111 1270 4174 operam

141 4207 178 4271 ad
202 4207 356 4272 doctrinae
387 4205 590 4271 maturitatem
621 4203 757 4268 excultos
780 4204 906 4290 accipiat
937 4224 1087 4268 sacrorum
1117 4204 1272 4270 Antistites

141 4323 344 4386 demonstrare
366 4319 444 4384 nihil
470 4320 587 4385 attinet.
603 4357 644 4370 -·
657 4319 698 4383 De
713 4318 821 4384 esteris
835 4339 906 4383 vcro
922 4339 1086 4402 eorumque
1106 4319 1272 4383 commodis

141 4436 215 4520 quid
250 4434 398 4500 monebo?
443 4433 518 4499 Nolo
548 4432 630 4497 enim
659 4433 822 4517 quicquam
854 4432 964 4511 dicere,
997 4431 1077 4516 quod
1111 4430 1273 4517 gloriosius
