2782 4958
537 372 576 414 nu
599 369 799 413 nounnnnsro.
1190 351 1230 412 51

122 538 267 627 habuerit,
291 538 424 636 inquirit
442 538 504 638 (t).
556 539 620 611 Ubi
645 536 708 610 hoc
730 537 886 635 imprimis
907 535 939 608 in
961 534 1229 635 disceptationem

125 663 269 751 veniebat,
297 675 409 734 utrum
435 661 724 759 ercmoburpensem
750 658 936 757 singulatim
967 658 1133 732 abbatiam
1165 658 1228 730 ali-

126 786 257 886 quamdiu
281 786 409 858 illorum
435 784 623 857 obstrictam
652 784 807 856 tenuisset
826 781 960 880 Repulo.
1012 780 1109 867 Quod
1135 779 1228 852 allin-

127 909 209 982 ntrat
234 908 504 994 Schotelius,
534 909 592 980 Vir
622 906 733 980 talium
760 931 868 979 rerum
899 904 1227 1001 intelligentissimus3

127 1031 419 1107 noncontemnendis
431 1031 536 1104 allatis
546 1027 934 1128 argumentisindubium
946 1025 1225 1123 revocatCollega.

126 1157 163 1228 lta
175 1169 274 1229 tamen
296 1167 350 1242 ut',
367 1158 433 1254 qud
455 1168 527 1227 ‘erat
545 1154 733 1252 prudentia,
756 1151 869 1226 incerti
891 1151 969 1250 quid
988 1151 1041 1223 blc
1059 1174 1228 1223 remanere

127 1279 186 1350 satis
206 1293 316 1377 aperte
342 1276 538 1376 significaret
562 1276 624 1375 (2).

162 1402 243 1486 Quae
262 1401 382 1475 ibidem
408 1401 554 1500 proxime
576 1402 736 1500 sequitur,
758 1399 902 1497 ejusdem
922 1398 1072 1498 symbola
1094 1397 1136 1472 ad
1160 1398 1229 1470 his-

127 1521 218 1594 toriam
248 1525 387 1621 pertinet
415 1537 547 1623 paratae
578 1525 689 1598 seculo
717 1526 811 1597 XVII
844 1522 1099 1598 aNostratibus
1124 1523 1160 1595 C.
1195 1521 1227 1593 S.

127 1644 398 1744 interpretationis,
429 1647 538 1721 adbuc
569 1647 700 1745 publico
728 1647 897 1720 Ecclesiae
927 1663 1058 1719 nostrae
1087 1671 1150 1718 usu
1181 1669 1231 1717 re·

127 1783 227 1866 ceptae,
245 1796 343 1870 quam
364 1770 463 1867 vulgo
479 1769 626 1844 Statuam
644 1769 721 1844 Gen.
740 1769 906 1869 appellant
926 1770 1110 1843 Varsionem.
1137 1771 1231 1841 Hanc

128 1891 233 1987 quidem
257 1920 326 1968 rem
353 1895 398 1966 ita
426 1894 716 1991 Hinldpenius
745 1893 963 1966 illustraverat
991 1905 1064 1991 post
1087 1916 1230 1990 eumque

128 2012 313 2114 beringa,
335 2031 372 2090 ut
393 2041 497 2089 novae
518 2016 600 2089 lueis
620 2015 803 2089 afferendae
820 2017 872 2088 via
890 2030 947 2088 aut
964 2040 1006 2088 ne
1025 2017 1078 2088 vix
1098 2014 1230 2114 quidem

128 2129 198 2209 locus
220 2139 353 2212 relictus
374 2164 444 2211 esse
468 2136 645 2211 videretur.
696 2139 929 2210 Verumtamen
952 2163 993 2210 ex
1018 2137 1231 2210 Ludorici

129 2254 285 2333 berardi
319 2269 339 2332 a
373 2263 579 2350 Renesse,
606 2261 658 2333 cui
695 2286 762 2332 una
792 2286 867 2333 cum
897 2261 1000 2333 Sociis
1028 2260 1232 2333 retractando

128 2375 298 2458 incubuerat
331 2383 464 2472 Versio,
501 2383 742 2456 Commentario
776 2394 808 2454 et
836 2383 1009 2455 Annotatis
1046 2408 1085 2456 ea
1120 2381 1232 2455 retulit

108 2498 251 2599 dminus,
271 2532 355 2607 quae
378 2505 507 2578 illorum
530 2529 605 2577 cum
632 2505 817 2577 narratione
834 2530 1025 2603 comparare
1043 2516 1093 2578 est
1111 2529 1231 2602 operae

124 2629 253 2718 pretium.
305 2630 415 2716 Quum
442 2628 650 2726 praesertim,
675 2642 712 2699 ut
736 2625 812 2699 alibi
837 2652 949 2726 saepe,
980 2628 1025 2700 ita
1053 2626 1228 2716 hocloco,

119 2745 372 2825 documentorum
390 2751 460 2823 Tibi
477 2751 584 2824 fontes
601 2750 743 2848 plenius,
762 2776 860 2850 quam
886 2749 994 2825 adhuc
1011 2751 1133 2824 iactum
1151 2765 1231 2841 erat,

117 2879 224 2972 aperiat
239 2876 300 2974 (3).
317 2923 357 2934 -
372 2877 465 2961 Quae
486 2873 558 2947 laus
582 2873 612 2945 in
634 2874 764 2947 tertium
783 2873 879 2946 etiam
900 2874 1062 2961 convenit,
1077 2874 1166 2974 quod
1185 2874 1233 2948 ul-

117 3022 289 3038 Μ

136 3122 181 3193 (1)
202 3121 259 3190 Sic,
280 3120 309 3177 ni
328 3120 420 3187 fallor,
436 3120 548 3176 brevior
566 3118 786 3174 commentarioli
805 3125 848 3174 est
873 3119 1055 3191 intelligenda
1074 3120 1228 3192 inscriptio.

105 3212 202 3278 traua
220 3219 291 3275 itluu
309 3219 474 3274 monimen.
494 3218 561 3274 vot.
581 3218 623 3275 ΙΙ.
644 3238 670 3290 p.
691 3224 849 3273 arr-ano.

133 3322 182 3394 (2)
203 3319 336 3390 Collegae
355 3319 444 3372 nostri
463 3335 524 3372 cum
543 3317 776 3373 commentatione
795 3318 962 3373 conferenda
978 3322 1043 3372 sunt
1063 3333 1145 3388 quae,
1165 3324 1231 3388 post

105 3434 158 3476 ram
178 3418 290 3486 lectam,
313 3419 409 3472 eadem
424 3417 474 3471 hac
493 3418 528 3471 de
547 3416 710 3488 quaestione
729 3415 838 3471 monuit
856 3417 929 3471 doct.
943 3417 978 3470 R.
993 3414 1023 3470 O.
1037 3415 1074 3468 H.
1089 3415 1228 3482 Riimer,

105 3518 270 3590 uAppeud.
284 3516 329 3571 XI
341 3517 378 3570 ad
394 3514 530 3570 eruditam
547 3513 633 3586 disp:
650 3513 801 3571 Gesctr'eut.
819 3515 938 3583 Ouerzipt
951 3532 1001 3568 von
1016 3517 1047 3568 de
1060 3513 1189 3569 Klooetere
1201 3533 1233 3570 en

105 3620 208 3689 tbdijcrt
232 3619 260 3670 in
281 3619 312 3670 de
330 3631 423 3668 uoorm.
449 3603 664 3683 Graofscboppaa
684 3632 734 3667 vom
753 3615 870 3668 Helluod
887 3631 917 3668 em
933 3615 1062 3682 Zeeland,·
1080 3614 1114 3668 P.
1135 3613 1178 3680 II,
1199 3633 1229 3686 p.

105 3725 150 3773 241
168 3733 233 3788 sqq.
250 3715 322 3786 (Soc.
337 3713 408 3767 Lem
425 3730 475 3782 pro
492 3713 609 3767 Litterot.
625 3712 732 3767 Nederl.
751 3714 818 3784 Opp.
833 3713 1014 3781 mouucSerr'ei,
1029 3712 1112 3766 Turn.
1126 3711 1229 3783 VIII).

105 3815 167 3884 lui,
186 3811 447 3884 aRoyaardsio
467 3828 523 3866 non
546 3811 628 3884 plane
646 3813 823 3882 dissentiens,
842 3814 965 3867 noudum
982 3811 1049 3866 satis
1064 3811 1230 3866 illustratam

105 3933 157 3973 ase
177 3911 368 3986 quaestionem
388 3910 540 3966 existimat.

105 4043 108 4049 -
131 4017 181 4086 (a)
200 4013 259 4069 vin
277 4013 378 4076 tamem,
398 4029 427 4082 p.
450 4014 609 4064 aar-aas.

133 4115 227 4170 Haece
243 4114 310 4168 deta
323 4110 533 4183 opportunitate
548 4125 661 4163 monere
674 4106 758 4180 juvat
773 4108 900 4175 eundem,
918 4107 966 4179 qui
983 4107 1010 4160 b.
1027 4107 1047 4160 l.
1066 4107 1231 4179 antiquioris

105 4214 130 4270 D.
146 4213 178 4268 S.
196 4211 415 4282 Intrepretotionis
429 4208 574 4264 historiam
593 4207 698 4279 attigit,
719 4207 983 4278 Royaardsium
1005 4206 1114 4261 Consilii
1126 4207 1232 4262 Aucto·

105 4329 158 4368 rem
183 4328 262 4379 esse,
283 4311 376 4382 quod,
397 4311 427 4364 de
445 4309 511 4362 nond
536 4308 568 4361 S.
587 4307 618 4361 S.
643 4306 761 4362 Versione
781 4307 942 4360 Facultatum
957 4305 1063 4378 judicia
1081 4315 1232 4378 expetente

105 4412 226 4485 synodo,
248 4409 458 4481 Theologorum
477 4408 555 4463 dedit
574 4406 652 4462 Ordo
672 4405 1018 4479 Rheno-Trajectinorum.
1060 4405 1153 4476 Quod,
1170 4407 1232 4480 ipso

105 4513 236 4570 suadente
256 4527 287 4568 ac
306 4516 429 4582 curante,
451 4509 500 4565 hae
517 4507 622 4565 editum
642 4513 684 4564 est
698 4506 891 4580 inscriptione:
911 4506 1006 4566 Advier
1019 4508 1064 4563 der
1078 4507 1148 4562 tlreol.
1164 4506 1231 4565 Fac.

1069 4604 1121 4672 Atii
