2782 4958
542 364 707 408 nauseare.
877 345 880 351 ’
1130 346 1191 409 lae

53 527 149 614 galia,
179 531 280 597 fallere
303 532 426 616 poterit.
444 529 607 595 --Paullo
629 531 797 595 accuratius
821 531 854 593 in
885 551 988 594 omnes
1015 532 1194 596 Litterarum

55 669 209 712 sacrarum
232 652 329 732 partes
351 645 439 710 nobis
461 645 764 730 circumspiciendum
791 649 848 720 est,
866 651 902 709 ut
916 649 1042 710 altarem
1057 647 1195 711 imitandi

56 784 169 848 genus,
195 761 277 844 quod
300 782 361 824 non
385 758 553 824 minoribus
583 764 663 824 eertc
689 759 900 844 Paeadajacodo
922 760 982 824 fuit
1007 761 1040 823 in
1063 759 1193 842 deliciis,

57 878 123 941 suis
144 876 259 960 ubique
282 875 441 940 odoremur
463 874 605 960 vestigiis.
654 876 705 938 Est
727 871 796 956 hoc,
829 873 910 956 quod
932 874 1022 939 modo
1044 880 1130 939 antea
1156 875 1195 939 a·-

59 992 157 1056 teria
179 991 323 1066 diximus,
355 1011 410 1054 nec
441 987 629 1054 incommode
655 987 799 1053 mollities
821 989 983 1053 vocaveris.
1032 990 1133 1053 Latius
1162 989 1194 1053 id

57 1109 155 1190 patet,
181 1126 215 1169 ac
237 1103 328 1188 longe
351 1101 494 1187 ampliora
516 1123 571 1186 pro
593 1100 694 1166 lubitu
716 1123 769 1187 par
790 1103 885 1186 spatia
908 1107 1044 1187 vagatur.
1094 1106 1196 1186 Neque

58 1219 140 1282 euim
163 1219 196 1281 in
219 1218 257 1282 iis
278 1217 479 1302 exprimendis
501 1237 532 1279 ee
554 1216 702 1297 continet,
726 1215 780 1280 ubi
803 1203 905 1281 eadem
927 1216 975 1279 vel
996 1216 1105 1280 similia
1118 1222 1195 1281 trae·

58 1337 176 1413 tantur,
193 1335 230 1396 N.
248 1334 283 1397 Τ.
301 1331 375 1396 locis
397 1331 554 1413 dictisque.
601 1331 675 1393 Nam
697 1329 723 1393 si
745 1329 833 1413 quid,
852 1351 1032 1413 quocunque
1055 1330 1087 1393 in
1104 1329 1193 1395 Libro

59 1448 164 1523 Sacro,
188 1467 220 1509 sc
242 1444 343 1530 legere
365 1444 543 1509 meminerat
574 1443 697 1522 ductor,
729 1464 790 1526 qno
820 1464 873 1506 sua
895 1449 995 1529 posset
1025 1444 1124 1507 ornari
1147 1442 1196 1508 vel

58 1558 238 1644 locupletari
261 1558 403 1632 narratio,
429 1579 491 1622 non
507 1577 573 1622 raro
588 1556 626 1620 ad
642 1556 733 1642 longe
747 1556 879 1621 dicerem
897 1557 930 1622 id
945 1555 1092 1622 referebat
1106 1562 1196 1640 atque

58 1671 303 1739 accommodabat
324 1672 473 1755 homines,
498 1670 546 1737 vel
568 1676 715 1756 tempora,
740 1671 788 1736 vel
811 1673 1064 1758 opportunitates,
1089 1671 1136 1736 vel
1151 1692 1196 1736 ar-

58 1794 216 1875 gumenta.
264 1786 380 1862 Quibus
402 1788 475 1872 ipsis
497 1808 573 1870 quaa
595 1807 717 1871 prorsus
748 1785 807 1851 alid
836 1809 874 1851 cx
899 1808 999 1852 rerum
1022 1787 1195 1851 conditione

58 1902 192 1987 prolecta
213 1907 299 1966 eraut
320 1906 423 1965 utrum
446 1905 526 1966 recte
550 1900 754 1978 concinerent,
779 1920 935 1974 ensesue,
967 1920 1029 1963 nou
1063 1898 1195 1965 multum

59 2012 221 2098 quaerebat
243 2036 299 2079 nec
323 2012 456 2079 curabat.
505 2015 548 2077 Ex
572 2013 708 2078 liberiore
739 2011 796 2076 hcc
825 2013 889 2077 sive
910 2013 1066 2079 subtiliore
1088 2015 1193 2079 imita-

57 2129 152 2193 tionis
166 2149 274 2214 genere
291 2148 386 2212 pauca
397 2124 597 2192 delibabimus
612 2125 759 2210 exempla,
776 2125 887 2208 quibus
901 2124 938 2189 ad
957 2123 1015 2189 alia
1028 2126 1196 2209 quaerenda

59 2242 187 2309 lectores
209 2239 412 2327 impellantur.

106 2468 214 2549 Cupite
235 2469 331 2554 igitur
350 2469 448 2547 mmo
474 2476 607 2545 exeunte,
637 2469 835 2552 quadruplata
854 2491 913 2548 per
933 2468 997 2532 dieo
1020 2468 1195 2552 mitemque

58 2584 215 2650 amieria
238 2585 350 2649 deserto
365 2582 524 2667 jejundrra
545 2581 656 2647 dicitur
678 2582 863 2659 decredimus,¹
895 2604 956 2647 non
979 2582 1076 2658 aliter,
1105 2603 1195 2665 quam

61 2698 208 2771 Christus,
235 2690 373 2762 narrante
396 2697 516 2762 Marta.
534 2697 577 2761 lV.
592 2697 622 2762 2.
670 2699 730 2761 Nec
752 2703 852 2761 tamen
874 2699 907 2761 iu
930 2699 1019 2761 aurea
1035 2696 1197 2779 acquiescit

58 2810 239 2874 narrationis
260 2809 450 2894 euangelicae
473 2809 680 2894 simplicitate;
714 2832 803 2893 quam
836 2814 880 2876 ita
908 2811 1010 2894 potius
1032 2809 1195 2875 acuendam

57 2928 164 3008 putat,
186 2928 223 2987 ut
245 2925 296 3008 pio
320 2925 392 2988 Seni
416 2923 532 2989 dictum
553 2921 717 3000 tribuatur,
750 2944 825 3007 que,
856 2930 1033 3007 anteaquam
1064 2947 1096 2989 se
1119 2927 1195 2989 [laras

57 3038 207 3114 inviserit,
233 3038 270 3102 ad
291 3038 440 3103 edendum
463 3039 626 3122 quiequam
648 3037 696 3101 vel
711 3037 875 3102 bibendum
895 3058 958 3102 sese
980 3036 1052 3101 hinc
1074 3037 1194 3102 descen·

57 3172 163 3217 sinum
197 3173 260 3216 esse
291 3157 393 3238 negat.
424 3189 466 3200 -
493 3153 535 3216 dc
557 3152 703 3216 continuo
731 3158 799 3236 post
827 3152 921 3216 cibem
952 3153 1013 3216 eibi
1036 3161 1195 3236 petamque

54 3288 155 3344 preces
175 3289 236 3330 aare
257 3267 423 3351 profitetur.
460 3267 531 3330 Nam
549 3266 646 3330 eidem
662 3267 760 3330 denuo
782 3266 898 3330 Christo
921 3265 1077 3332 videbatur
1091 3268 1194 3349 aequi·

57 3379 219 3464 parandus,
244 3381 299 3462 qui
320 3377 443 3460 similia,
473 3380 525 3445 sed
547 3380 637 3466 longe
659 3381 796 3466 graviora
818 3385 907 3464 atque
933 3402 970 3446 cx
992 3384 1039 3456 ed,
1076 3381 1109 3445 in
1132 3385 1193 3463 qua

58 3515 155 3578 quum
177 3493 305 3559 maxime
327 3492 510 3571 versabatur,
536 3515 635 3559 rerum
658 3494 832 3560 conditione
847 3501 954 3581 sponte
974 3495 1135 3573 manantia,
1155 3496 1192 3559 de

58 3631 89 3672 se
112 3629 228 3691 suoque
252 3605 416 3673 declararet
439 3608 475 3672 de
498 3609 610 3691 animo,
635 3609 750 3676 Joanu.
776 3611 822 3674 lV.
849 3611 901 3676 34.

104 3834 235 3898 Ineunte
256 3833 329 3914 Cup.
354 3835 401 3917 IV,
426 3835 562 3901 Marium
585 3835 758 3921 significans
780 3837 941 3921 virginem,
974 3838 1075 3901 dnnae
1105 3837 1192 3900 matri

60 3949 221 4033 pollicetur
252 3949 399 4036 Angelus:
433 3951 670 4038 Λαληθήσεται
699 3955 737 4017 τὸ
762 3951 888 4037 σπέρμα
916 3976 973 4019 σου
1002 3955 1036 4020 ἐν
1064 3951 1123 4039 ὅλῃ
1153 3960 1194 4036 τῇ

61 4065 248 4152 οἰκουμένῃ.
297 4065 376 4128 Vasti
397 4085 467 4128 suae
489 4067 516 4128 si
538 4088 655 4150 pannus
677 4066 800 4129 omuino
828 4064 943 4128 alienus
966 4065 1129 4129 assuendus
1147 4064 1194 4127 ri-

61 4179 181 4242 deretur
196 4179 330 4255 ductori,
348 4200 409 4241 nou
432 4179 620 4244 incommoda
635 4182 674 4244 iis
690 4179 741 4244 hle
757 4181 802 4244 uti
826 4185 977 4263 potuerat,
996 4201 1071 4262 quae
1086 4181 1192 4244 Mariae

60 4293 286 4375 promittentem
309 4293 446 4357 audimus
469 4294 629 4380 Angelum,
657 4296 732 4358 Luc.
760 4297 793 4358 ll.
821 4296 875 4359 ⁹28.
926 4295 984 4358 Sed
1007 4293 1193 4358 dissimrdatt

60 4407 170 4472 maluit
184 4408 365 4488 imitatione,
384 4409 465 4492 quod
481 4431 541 4474 nou
557 4411 593 4475 dc
608 4413 677 4475 lesu
693 4415 785 4475 matre
801 4411 933 4494 quidem,
952 4409 1004 4474 sed
1019 4407 1078 4474 ulid
1093 4414 1192 4474 tamen
