2782 4958
533 409 535 414 ,
641 349 806 394 consonas.
1250 337 1290 399 77

127 522 309 612 »papeia
329 524 452 604 dorem,
470 521 599 608 dignum
612 541 674 589 aare
687 521 846 608 maestitit
863 519 1022 587 alumnum
1039 523 1240 610 sociumque.”
1250 559 1292 572 ·-

124 642 249 727 Onjus
279 640 391 728 judicii
421 640 459 705 de
487 639 614 706 ueritate
644 659 706 723 quo
733 638 835 702 minus
866 638 936 722 quis
962 635 1103 713 dubitet,
1128 645 1160 704 et
1182 639 1239 705 alia
1261 645 1293 705 et

121 755 220 821 haee
245 756 321 822 libri
345 755 425 820 bona
445 753 622 841 perpendat.
670 753 720 819 Its
741 775 813 819 auus
835 757 894 832 est,
911 757 958 829 ut,
976 752 1076 818 sicubi
1092 776 1140 818 res
1157 756 1292 840 require·

123 891 170 937 re
196 869 383 949 videbatur,
409 867 446 934 ab
469 871 535 954 ipso
557 869 648 934 etism
662 865 896 934 Fritnschio
919 888 954 931 ao
969 867 1138 947 wintro,
1161 890 1291 955 quorum

122 985 320 1050 auetmritas
341 1007 358 1049 a
379 983 534 1077 nonnullis
557 980 647 1048 hodie
670 984 753 1048 certi
775 1002 830 1067 pro
852 981 920 1067 lege
945 981 1083 1061 babetur,
1102 983 1237 1049 modeste
1259 1005 1292 1048 se

124 1099 316 1164 dissentire
339 1119 399 1162 non
421 1097 603 1163 dissimulet.
651 1097 719 1162 Nee
741 1101 841 1187 mmeu
865 1118 942 1161 nova
961 1097 1133 1182 proferendi
1156 1098 1291 1164 studium

126 1215 176 1280 ad
205 1215 341 1299 antiqua
364 1219 476 1279 temere
499 1211 664 1298 spernenda
688 1231 756 1276 eum
779 1211 904 1296 pellicit.
951 1209 1140 1297 Quamquam
1164 1212 1292 1278 forsitan

129 1330 272 1415 saepius
289 1329 391 1409 eham,
409 1348 500 1413 quam
516 1310 601 1408 feeit,
619 1325 790 1411 praeclarus
801 1325 852 1389 ille
874 1323 1036 1390 Schotti
1059 1325 1292 1392 commentarius

130 1443 175 1506 in
202 1441 372 1507 eonsilium
394 1441 423 1504 ei
447 1437 632 1504 adhibendus
655 1439 765 1502 suerat.
814 1438 1009 1525 Dogmatiais
1032 1439 1069 1504 de
1099 1439 1190 1504 rebus
1212 1461 1290 1525 pru·

119 1556 261 1629 ,denter
284 1554 506 1641 utplurimum
529 1575 563 1618 ae
586 1552 739 1618 moderate
767 1552 953 1638 Jadieantem
978 1553 1114 1619 ridemus
1139 1555 1203 1643 (1).
1252 1557 1315 1634 In,

135 1670 298 1736 universi
319 1669 470 1735 lassatam
492 1667 696 1753 disputatione
718 1688 781 1732 non
804 1669 1011 1753 acquiescens,
1035 1691 1126 1755 qnam
1147 1671 1290 1758 simpulo·

138 1807 223 1849 rum
246 1785 384 1852 locorum
407 1781 551 1848 offerebat
572 1784 734 1870 enarratio,
766 1784 989 1849 recentissimos
1012 1784 1119 1850 harum
1141 1785 1290 1872 Epistola·

141 1920 224 1963 rum
247 1897 435 1962 adversarios
457 1897 608 1962 refutandi
631 1897 900 1982 opportunitatem,
924 1920 989 1963 eam
1004 1919 1065 1964 non
1087 1873 1220 1986 negligit
1234 1921 1291 1964 nee

114 2064 122 2068 -
146 2015 382 2099 praetermittit.
428 2012 597 2094 Nonnulla,
622 2004 702 2100 quae*
714 2014 833 2079 utiliter
850 2014 966 2079 moneri
986 2013 1034 2078 vel
1055 2012 1223 2079 debuerant
1242 2015 1292 2080 vel

147 2134 236 2194 oeric
259 2133 433 2214 potuerant,
450 2130 476 2192 si
492 2127 620 2193 subinde
643 2129 753 2192 omissa
769 2126 985 2212 deprehendes;
1005 2132 1036 2192 at
1051 2126 1142 2213 longe
1158 2129 1287 2214 saepius,

149 2243 257 2320 eredo,
283 2242 340 2308 tibi
365 2265 422 2307 usu
447 2243 549 2306 veniet
570 2246 606 2306 nt
629 2241 707 2306 nihil
731 2262 928 2326 magnopere,
952 2241 1033 2325 quod
1058 2262 1127 2305 cum
1142 2239 1289 2306 brevioris

150 2357 304 2442 ejusmodi
322 2357 520 2421 enarrationis
536 2370 660 2421 munere
676 2357 872 2441 conjunctum
889 2362 978 2434 esset,
994 2355 1156 2420 desiderari
1174 2357 1286 2420 videas.

149 2471 231 2536 Turn
256 2472 298 2535 iis
316 2471 349 2534 in
379 2469 471 2535 rebus
499 2471 709 2558 grammaticis
732 2474 821 2554 atque
844 2468 1082 2545 hermeneumata,
1108 2468 1220 2554 quibus
1242 2469 1290 2535 vel

153 2587 286 2651 maxime
308 2587 505 2672 pristinorum
528 2586 734 2672 Interpretnm
764 2589 855 2670 atque
884 2583 1100 2649 hodiernorum
1127 2584 1289 2652 discrimen

153 2703 291 2767 cernitur
314 2723 348 2766 ac
371 2702 529 2780 dissensio,
554 2700 709 2787 ⁸moderate
731 2699 909 2785 plerumque
932 2721 967 2764 ac
984 2700 1201 2785 circumspecte
1218 2720 1288 2764 ver·

87 2866 92 2876 .
153 2821 249 2881 satur.
298 2815 406 2881 Veluti
427 2816 461 2880 in
477 2816 651 2901 judicandis
665 2813 875 2901 Hebraismis,
894 2835 1074 2899 quosquam
1093 2814 1201 2900 cupide
1216 2814 1289 2879 olim

155 2931 243 2997 multi
266 2929 467 3017 quaerebant,
489 2935 551 2996 tam
573 2929 709 2996 studiose
731 2950 813 2994 nune
834 2927 970 3014 plerique
989 2928 1167 3011 excludunt,
1185 2929 1289 3014 singn-

155 3149 311 3163 Ἢ

186 3317 230 3381 (1)
248 3316 323 3370 Hane
340 3327 426 3370 tamen
443 3319 544 3370 laudem
561 3335 722 3386 nequaquam
740 3322 766 3371 in
783 3318 843 3370 libri
861 3319 979 3383 paginam
998 3322 1047 3369 alo
1065 3317 1199 3368 convenire
1219 3317 1286 3368 exis·

155 3411 227 3470 timor
251 3413 309 3472 nbi,
328 3419 493 3477 posteaquam
514 3413 546 3463 ds
563 3413 621 3463 loco
638 3409 788 3464 difficillimo
810 3418 898 3476 egerat
915 3418 930 3461 2
948 3409 1033 3460 Thess.
1051 3410 1085 3460 11.
1106 3414 1200 3468 1-12,
1225 3409 1287 3459 haee

155 3503 279 3555 ditentem
296 3503 410 3554 Paullum
424 3520 477 3555 non
494 3511 594 3555 tanturn
612 3503 706 3555 errdsse
718 3506 813 3569 arguit,
828 3505 882 3563 sed,
901 3519 943 3553 suo
960 3503 1082 3568 abreptum
1098 3503 1198 3573 iugenio,
1213 3498 1287 3567 plura

155 3596 214 3646 scire
229 3595 340 3657 uoluisse,
353 3613 422 3661 quam
437 3597 525 3648 immisi
536 3599 635 3663 ipsique
647 3601 719 3661 adeo,
730 3593 807 3665 quom
821 3598 915 3651 Christi
930 3598 1039 3664 Spiritus
1051 3605 1144 3661 egeret,
1161 3596 1287 3662 Apostolo

157 3688 214 3739 retra
226 3705 359 3740 mmesrum
376 3691 415 3740 sit.
450 3690 525 3752 Quae
542 3706 602 3741 sane
618 3693 696 3742 rerba
713 3707 760 3742 neo
778 3692 985 3743 Liinemsnno
1003 3691 1155 3743 excidissent
1171 3704 1218 3740 nec
1229 3671 1288 3739 lan·

157 3782 265 3834 datorem
283 3784 455 3846 invenissent,
475 3765 550 3850 quem
568 3784 775 3849 memoravimus,
796 3784 949 3846 Censorem,
969 3784 1084 3849 siquam
1106 3784 1191 3833 audax
1207 3783 1240 3832 sit
1256 3797 1286 3833 se

158 3975 236 4019 certae
253 3969 407 4033 praesidinm
424 3984 546 4034 quaerere
564 3968 650 4020 Paulli
668 3969 865 4035 reprehensioni.
883 3967 949 4020 Cum
960 3968 1110 4034 praesertim
1126 3968 1194 4017 haud
1205 3980 1287 4032 pauca

159 4072 200 4110 uos
217 4061 318 4125 fugiant
334 4063 476 4126 primorum
493 4063 545 4113 fata
563 4061 767 4113 Christianorum
785 4077 815 4112 se
832 4062 912 4111 seculi
928 4063 1005 4127 primi
1021 4076 1061 4111 res
1078 4059 1212 4119 historicae,
1231 4060 1286 4110 sine

160 4164 262 4214 quarum
280 4155 356 4219 plant
378 4155 523 4218 cognitione
545 4155 659 4205 Paullini
682 4155 759 4217 hujus
777 4154 891 4204 vaticinii
912 4168 988 4205 nemo
1012 4155 1145 4220 quisquam
1167 4151 1286 4201 omnibns

160 4247 268 4297 numeris
285 4248 427 4297 absolutam
444 4254 573 4312 praestare
595 4254 681 4312 potest
701 4247 935 4311 interpretationem
952 4246 1097 4298 historicam.
1133 4244 1207 4306 Quod
1225 4242 1285 4292 reli·

161 4348 232 4398 quarn
251 4346 300 4399 est,
318 4339 410 4389 futuris
428 4341 459 4390 do
477 4340 553 4391 rebus
570 4342 684 4390 modeste
701 4354 731 4389 ae
749 4341 897 4405 prudenter,
915 4341 937 4391 si
955 4341 1110 4404 quisalius,
1130 4336 1171 4387 hic
1184 4336 1285 4401 judica-

162 4425 199 4478 het
215 4431 362 4496 dicebatque
379 4432 527 4497 Apostolus.
564 4431 604 4483 Cf.
625 4439 635 4482 l
657 4431 740 4482 Thess.
756 4433 790 4483 V.
809 4438 829 4482 1.
845 4437 869 4482 2.
977 4468 979 4473 -
