2782 4958
129 340 193 401 112
233 412 236 417 4
609 351 779 415 sanniones

127 523 277 589 narrantis
298 521 434 606 profecto
456 521 669 601 mediocritati,
695 521 748 585 sed
766 521 833 587 Viri
855 522 888 584 in
911 522 1014 606 paucis
1037 519 1152 605 magni,
1173 540 1259 604 quem

126 640 276 706 viventem
311 641 401 720 atque
434 641 573 722 agentem
614 635 778 713 referebat,
811 637 928 700 meritis
958 635 1061 701 deberi
1092 635 1259 700 videretur.

126 753 229 836 Atque
248 751 364 815 utinam
386 771 536 814 mennon
558 749 645 834 plane
669 751 832 815 exciderim
855 752 983 816 consilio
1009 750 1167 837 Tteohqa',
1194 770 1262 813 cnm

125 866 220 930 animi
242 864 331 929 bonis
353 870 420 930 tnm
442 866 597 930 doctrinae
621 867 715 950 copiis
738 864 981 942 cumulatissimi,
1019 864 1114 930 veluti
1143 863 1263 928 vultum

126 983 158 1045 et
179 979 355 1065 imaginem,
390 979 484 1044 nullis
515 984 652 1044 ornatam
683 980 819 1043 mentitis
850 978 1001 1043 coloribus
1023 980 1067 1042 ita
1089 999 1264 1064 repraesen-

125 1093 223 1169 tandi,
248 1098 285 1158 ut
306 1092 454 1158 intuendo
479 1114 638 1158 cnasrssro
664 1095 694 1157 Τ
690 1093 855 1180 lectoque,
881 1093 912 1156 in
934 1095 996 1177 quat
1018 1093 1099 1156 vitae
1127 1090 1265 1155 taberna·

127 1208 231 1273 culum
252 1212 406 1292 posuerat,
423 1204 577 1272 ambitum
600 1211 631 1270 et
660 1207 839 1292 dignitatem
863 1211 895 1270 et
916 1206 1129 1292 praestantiam
1159 1226 1266 1269 omncs

128 1324 281 1409 suspicere
317 1322 470 1386 discerent
498 1321 643 1400 lectores,
676 1325 765 1405 atque
795 1319 832 1392 ad
856 1341 920 1383 eam
944 1319 1084 1383 ardenter
1108 1319 1266 1383 amandam

129 1442 162 1502 et
183 1442 286 1501 sancte
309 1436 466 1501 colendam
487 1440 660 1500 nostrarum
676 1433 909 1499 incenderentur
932 1433 1119 1498 Litterarum
1134 1433 1262 1498 alumni!

176 1550 292 1614 Verum
323 1550 356 1614 in
386 1547 460 1614 haec
488 1547 580 1613 latins
603 1569 763 1613 excurrere
795 1547 875 1612 nihil
904 1549 1023 1612 attinet.
1072 1548 1123 1612 Ad
1146 1571 1183 1612 ea
1203 1550 1267 1632 jam

132 1685 270 1749 gressum
293 1665 450 1741 faciamus,
476 1684 605 1748 qnorum
628 1663 819 1747 potissimum
843 1664 948 1727 causet
970 1664 1007 1726 de
1029 1661 1108 1726 libro
1131 1661 1268 1728 breviter

131 1778 321 1842 referendum
354 1777 506 1842 duximus.
552 1778 661 1861 Neque
692 1777 772 1841 enim
802 1782 907 1862 sponte
937 1776 1066 1841 oblatam
1100 1778 1267 1842 nonnullos

132 1890 319 1955 certeillius
341 1890 424 1954 locos
446 1889 495 1955 vel
517 1891 700 1957 retractandi
721 1890 771 1955 vel
792 1890 950 1977 supplendi
972 1897 1084 1957 temere
1106 1891 1267 1977 negligere

132 2002 268 2068 volebam
291 2006 555 2089 opportunitatem.
598 2005 689 2076 Quod
712 2025 770 2068 nec
793 2007 933 2090 cuiquam
948 2005 1110 2070 molestum
1132 2009 1165 2069 et
1189 2005 1268 2070 Gla·

131 2118 291 2184 rissiani
314 2121 446 2185 nominis
469 2120 573 2185 amicis
596 2125 716 2204 gratnm
738 2119 803 2182 fore
826 2118 955 2182 confido.

173 2451 256 2539 Pcy.
282 2457 336 2534 18,
374 2454 407 2518 in
430 2454 621 2520 Enchnsenis
643 2455 832 2520 Clarissii
854 2453 1067 2520 Familiaribus
1089 2453 1267 2520 brevissime

131 2566 153 2630 J
161 2588 210 2632 un
218 2568 327 2652 ginm
355 2570 529 2634 memoravi.
575 2569 650 2633 Fuit
680 2569 747 2647 hic,
778 2569 859 2652 quod
887 2574 990 2653 postea
1024 2570 1173 2653 comperi,
1210 2570 1267 2634 Vir

130 2681 409 2766 experientissimus
430 2682 472 2747 R.
499 2682 533 2748 J.
558 2682 581 2746 J
588 2684 748 2767 ungins,
782 2682 820 2747 ab
850 2705 929 2747 anuo
959 2683 1030 2747 iude
1055 2685 1142 2749 17877
1167 2668 1266 2747 Medi·

130 2794 271 2858 cinae-in
293 2794 451 2859 Enchnsae
473 2794 548 2860 urbe
572 2795 701 2873 Doctor,
733 2795 885 2880 idemque,
911 2819 940 2862 a.
970 2799 1074 2876 1814,
1106 2797 1267 2884 Delegatis

128 2906 167 2970 ad
192 2928 240 2971 res
263 2909 392 2973 medicas
415 2909 447 2972 in
471 2909 635 2973 Hollandic
656 2909 888 2993 septentrionali
911 2910 1057 2975 curandas
1080 2911 1262 2996 adscriptus.

129 3020 207 3086 Ilato
228 3023 352 3088 functus
375 3027 422 3087 est
443 3023 544 3087 Senex·
563 3023 763 3109 grandaevus,
788 3024 817 3088 d.
843 3029 885 3089 28
909 3046 951 3089 m.
977 3024 1084 3090 Martii
1108 3026 1208 3090 1850.

175 3359 298 3426 Eddem
312 3360 448 3444 precinct,
474 3359 567 3424 alium
589 3361 808 3442 Clarissii‚‘
828 3361 989 3426 eddem'in
1011 3359 1087 3425 urb'e
1110 3361 1264 3439 virentis,

130 3472 468 3569 Amicumn'nnncnpavi
497 3473 775 3542 Gerbrandum
806 3476 1043 3541 Bakkernm.
1093 3473 1209 3551 Quem,
1235 3498 1265 3538 a.

131 3589 232 3663 1806,
258 3570 436 3651 Harlemum
460 3587 642 3664 Auctomeo,
682 3587 866 3674 Chiruryice
894 3588 1039 3674 Actiaque
1070 3586 1269 3656 Obstetrictne

129 3696 296 3779 meterem,
325 3706 483 3764 evocatum
506 3721 570 3763 esse
597 3703 795 3766 narravimus.
844 3702 931 3774 Quae
953 3724 1025 3767 vero
1040 3703 1086 3767 sio
1100 3702 1269 3787 supplenda

128 3811 314 3876 suntndicta.
363 3813 506 3878 Enchust
528 3813 646 3894 relicta,
673 3821 779 3899 sponte
802 3819 857 3883 sut
886 3817 1157 3892 Vooraclcotena'cm,
1186 3817 1270 3882 Hol-

129 3922 481 3992 landiceMeridionalis
503 3930 537 3993 in
560 3950 683 4014 pagum,
710 3931 869 4015 migrdrat.
915 3930 1111 3994 Postmodum
1147 3936 1265 4007 autem,

129 4039 186 4102 otii
208 4046 361 4123 pertaesus
384 4041 442 4106 Vir
465 4047 617 4121 actuosus,
655 4044 814 4124 Harlemi,
843 4065 903 4127 qno
925 4049 1123 4108 memoratum
1146 4044 1184 4108 ud
1209 4044 1267 4108 ob·

131 4154 263 4232 eundum
287 4177 397 4223 munus
419 4157 584 4225 honorifice
607 4160 754 4224 invitatus
782 4164 857 4242 erat,
891 4160 1029 4224 fortunae
1058 4180 1129 4222 snae
1160 4158 1266 4225 sedem

129 4269 296 4336 collocavit.
