<?xml version="1.0" encoding="UTF-8"?>
<!DOCTYPE html PUBLIC "-//W3C//DTD XHTML 1.0 Transitional//EN"
    "http://www.w3.org/TR/xhtml1/DTD/xhtml1-transitional.dtd">
<html xmlns="http://www.w3.org/1999/xhtml" xml:lang="en" lang="en">
 <head>
  <title>
</title>
<meta http-equiv="Content-Type" content="text/html;charset=utf-8" />
  <meta name='ocr-system' content='tesseract 3.04.00' />
  <meta name='ocr-capabilities' content='ocr_page ocr_carea ocr_par ocr_line ocrx_word'/>
</head>
<body>
  <div class='ocr_page' id='page_1' title='image "./chartaetheologi00boumgoog_0361.png"; bbox 0 0 2782 4958; ppageno 0'>
   <div class='ocr_carea' id='block_1_1' title="bbox 225 341 868 405">
    <p class='ocr_par' dir='ltr' id='par_1_1' title="bbox 225 341 868 405">
     <span class='ocr_line' id='line_1_1' title="bbox 225 341 868 405; baseline 0 0"><span class='ocrx_word' id='word_1_1' title='bbox 225 341 290 405; x_wconf 74' lang='lat'>150</span> <span class='ocrx_word' id='word_1_2' title='bbox 712 359 868 405; x_wconf 73' lang='lat' dir='ltr'>mecauri</span> 
     </span>
    </p>
   </div>
   <div class='ocr_carea' id='block_1_2' title="bbox 147 526 1345 957">
    <p class='ocr_par' dir='ltr' id='par_1_2' title="bbox 147 526 1345 957">
     <span class='ocr_line' id='line_1_2' title="bbox 227 526 1342 612; baseline 0.003 -21"><span class='ocrx_word' id='word_1_3' title='bbox 227 526 378 592; x_wconf 81' lang='lat' dir='ltr'>vissimum</span> <span class='ocrx_word' id='word_1_4' title='bbox 394 526 523 610; x_wconf 91' lang='lat' dir='ltr'>aliquam</span> <span class='ocrx_word' id='word_1_5' title='bbox 542 527 667 591; x_wconf 91' lang='lat' dir='ltr'>fecimus</span> <span class='ocrx_word' id='word_1_6' title='bbox 681 528 886 607; x_wconf 69' lang='lat' dir='ltr'>mentionem</span> <span class='ocrx_word' id='word_1_7' title='bbox 902 527 1040 603; x_wconf 91' lang='lat' dir='ltr'>tertium,</span> <span class='ocrx_word' id='word_1_8' title='bbox 1057 528 1113 611; x_wconf 89' lang='lat' dir='ltr'>qui</span> <span class='ocrx_word' id='word_1_9' title='bbox 1129 548 1227 612; x_wconf 87' lang='lat' dir='ltr'>nuper</span> <span class='ocrx_word' id='word_1_10' title='bbox 1245 528 1342 596; x_wconf 86' lang='lat' dir='ltr'>demun</span> 
     </span>
     <span class='ocr_line' id='line_1_3' title="bbox 224 637 1344 726; baseline 0.005 -23"><span class='ocrx_word' id='word_1_11' title='bbox 224 660 323 703; x_wconf 88' lang='lat' dir='ltr'>sacras</span> <span class='ocrx_word' id='word_1_12' title='bbox 348 637 544 724; x_wconf 79' lang='lat' dir='ltr'>locupletavit</span> <span class='ocrx_word' id='word_1_13' title='bbox 574 640 712 716; x_wconf 73' lang='lat' dir='ltr'>Litteras,</span> <span class='ocrx_word' id='word_1_14' title='bbox 746 640 881 704; x_wconf 91' lang='lat' dir='ltr'>nondum</span> <span class='ocrx_word' id='word_1_15' title='bbox 904 661 1066 704; x_wconf 89' lang='lat' dir='ltr'>memorare</span> <span class='ocrx_word' id='word_1_16' title='bbox 1088 643 1256 726; x_wconf 87' lang='lat' dir='ltr'>potuimus.</span> <span class='ocrx_word' id='word_1_17' title='bbox 1300 647 1344 708; x_wconf 90' lang='lat' dir='ltr'>iios</span> 
     </span>
     <span class='ocr_line' id='line_1_4' title="bbox 147 754 1345 840; baseline 0.004 -21"><span class='ocrx_word' id='word_1_18' title='bbox 147 816 150 819; x_wconf 87' lang='lat'>.</span> <span class='ocrx_word' id='word_1_19' title='bbox 227 754 323 840; x_wconf 85' lang='lat' dir='ltr'>igitur</span> <span class='ocrx_word' id='word_1_20' title='bbox 345 755 369 817; x_wconf 85' lang='lat' dir='ltr'>si</span> <span class='ocrx_word' id='word_1_21' title='bbox 392 776 461 818; x_wconf 91' lang='lat' dir='ltr'>cnm</span> <span class='ocrx_word' id='word_1_22' title='bbox 483 776 538 834; x_wconf 89' lang='lat' dir='ltr'>eo,</span> <span class='ocrx_word' id='word_1_23' title='bbox 571 755 609 817; x_wconf 94' lang='lat' dir='ltr'>de</span> <span class='ocrx_word' id='word_1_24' title='bbox 638 776 699 838; x_wconf 91' lang='lat' dir='ltr'>quo</span> <span class='ocrx_word' id='word_1_25' title='bbox 730 754 819 819; x_wconf 92' lang='lat' dir='ltr'>modo</span> <span class='ocrx_word' id='word_1_26' title='bbox 841 761 927 819; x_wconf 89' lang='lat' dir='ltr'>antea</span> <span class='ocrx_word' id='word_1_27' title='bbox 950 756 1036 838; x_wconf 83' lang='lat' dir='ltr'>dixi,</span> <span class='ocrx_word' id='word_1_28' title='bbox 1069 758 1252 822; x_wconf 83' lang='lat' dir='ltr'>conferimus</span> <span class='ocrx_word' id='word_1_29' title='bbox 1279 757 1345 824; x_wconf 89' lang='lat' dir='ltr'>iliius</span> 
     </span>
     <span class='ocr_line' id='line_1_5' title="bbox 227 866 1344 957; baseline 0.004 -24"><span class='ocrx_word' id='word_1_30' title='bbox 227 871 461 943; x_wconf 87' lang='lat' dir='ltr'>commentario,</span> <span class='ocrx_word' id='word_1_31' title='bbox 494 868 629 950; x_wconf 89' lang='lat' dir='ltr'>quamvis</span> <span class='ocrx_word' id='word_1_32' title='bbox 657 866 826 932; x_wconf 79' lang='lat' dir='ltr'>scholastici</span> <span class='ocrx_word' id='word_1_33' title='bbox 850 871 981 933; x_wconf 89' lang='lat' dir='ltr'>muueris</span> <span class='ocrx_word' id='word_1_34' title='bbox 1003 872 1135 954; x_wconf 85' lang='lat' dir='ltr'>negotiis</span> <span class='ocrx_word' id='word_1_35' title='bbox 1157 871 1344 957; x_wconf 79' lang='lat' dir='ltr'>implicatum,</span> 
     </span>
    </p>
   </div>
   <div class='ocr_carea' id='block_1_3' title="bbox 190 982 1351 3470">
    <p class='ocr_par' dir='ltr' id='par_1_3' title="bbox 190 982 1351 2671">
     <span class='ocr_line' id='line_1_6' title="bbox 230 982 1348 1069; baseline 0.003 -22"><span class='ocrx_word' id='word_1_36' title='bbox 230 985 313 1048; x_wconf 87' lang='lat' dir='ltr'>Sacri</span> <span class='ocrx_word' id='word_1_37' title='bbox 336 983 409 1048; x_wconf 83' lang='lat' dir='ltr'>cod.</span> <span class='ocrx_word' id='word_1_38' title='bbox 441 982 656 1067; x_wconf 88' lang='lat' dir='ltr'>interpretandi</span> <span class='ocrx_word' id='word_1_39' title='bbox 686 983 797 1067; x_wconf 70' lang='lat' dir='ltr'>peritii</span> <span class='ocrx_word' id='word_1_40' title='bbox 819 990 909 1066; x_wconf 90' lang='lat' dir='ltr'>atque</span> <span class='ocrx_word' id='word_1_41' title='bbox 931 989 994 1048; x_wconf 90' lang='lat' dir='ltr'>arte</span> <span class='ocrx_word' id='word_1_42' title='bbox 1015 985 1153 1069; x_wconf 85' lang='lat' dir='ltr'>insignes</span> <span class='ocrx_word' id='word_1_43' title='bbox 1176 1006 1246 1050; x_wconf 90' lang='lat' dir='ltr'>eum</span> <span class='ocrx_word' id='word_1_44' title='bbox 1266 987 1348 1050; x_wconf 85' lang='lat' dir='ltr'>iecisse</span> 
     </span>
     <span class='ocr_line' id='line_1_7' title="bbox 190 1095 1348 1184; baseline 0.003 -23"><span class='ocrx_word' id='word_1_45' title='bbox 190 1157 193 1161; x_wconf 86' lang='lat'>.</span> <span class='ocrx_word' id='word_1_46' title='bbox 226 1118 412 1184; x_wconf 80' lang='lat' dir='ltr'>progressus,</span> <span class='ocrx_word' id='word_1_47' title='bbox 437 1095 571 1161; x_wconf 83' lang='lat' dir='ltr'>indubiis</span> <span class='ocrx_word' id='word_1_48' title='bbox 593 1097 703 1180; x_wconf 88' lang='lat' dir='ltr'>passim</span> <span class='ocrx_word' id='word_1_49' title='bbox 734 1095 893 1179; x_wconf 85' lang='lat' dir='ltr'>probatum</span> <span class='ocrx_word' id='word_1_50' title='bbox 916 1098 1054 1162; x_wconf 87' lang='lat' dir='ltr'>videmus</span> <span class='ocrx_word' id='word_1_51' title='bbox 1075 1099 1202 1167; x_wconf 84' lang='lat' dir='ltr'>indiciis</span> <span class='ocrx_word' id='word_1_52' title='bbox 1223 1122 1258 1165; x_wconf 82' lang='lat' dir='ltr'>ae</span> <span class='ocrx_word' id='word_1_53' title='bbox 1277 1101 1348 1165; x_wconf 89' lang='lat' dir='ltr'>doen·</span> 
     </span>
     <span class='ocr_line' id='line_1_8' title="bbox 226 1210 1348 1299; baseline 0.003 -23"><span class='ocrx_word' id='word_1_54' title='bbox 226 1213 349 1278; x_wconf 81' lang='lat' dir='ltr'>mentis.</span> <span class='ocrx_word' id='word_1_55' title='bbox 396 1213 493 1295; x_wconf 80' lang='lat' dir='ltr'>Atque</span> <span class='ocrx_word' id='word_1_56' title='bbox 521 1212 661 1276; x_wconf 87' lang='lat' dir='ltr'>universe</span> <span class='ocrx_word' id='word_1_57' title='bbox 683 1215 743 1274; x_wconf 87' lang='lat' dir='ltr'>tarn</span> <span class='ocrx_word' id='word_1_58' title='bbox 765 1210 909 1288; x_wconf 80' lang='lat' dir='ltr'>feliciter,</span> <span class='ocrx_word' id='word_1_59' title='bbox 942 1213 1079 1277; x_wconf 89' lang='lat' dir='ltr'>nuncin</span> <span class='ocrx_word' id='word_1_60' title='bbox 1102 1214 1280 1299; x_wconf 83' lang='lat' dir='ltr'>gravissimo</span> <span class='ocrx_word' id='word_1_61' title='bbox 1298 1234 1348 1279; x_wconf 85' lang='lat' dir='ltr'>ver·</span> 
     </span>
     <span class='ocr_line' id='line_1_9' title="bbox 224 1327 1349 1416; baseline 0.004 -26"><span class='ocrx_word' id='word_1_62' title='bbox 224 1332 308 1390; x_wconf 86' lang='lat' dir='ltr'>satus</span> <span class='ocrx_word' id='word_1_63' title='bbox 329 1330 375 1390; x_wconf 84' lang='lat' dir='ltr'>est</span> <span class='ocrx_word' id='word_1_64' title='bbox 396 1346 509 1410; x_wconf 85' lang='lat' dir='ltr'>penso,</span> <span class='ocrx_word' id='word_1_65' title='bbox 542 1329 599 1394; x_wconf 67' lang='grc' dir='ltr'>ἵνα</span> <span class='ocrx_word' id='word_1_66' title='bbox 626 1335 648 1411; x_wconf 73' lang='grc' dir='ltr'>η’</span> <span class='ocrx_word' id='word_1_67' title='bbox 675 1333 835 1411; x_wconf 68' lang='lat' dir='ltr'>ceperani]</span> <span class='ocrx_word' id='word_1_68' title='bbox 862 1327 961 1393; x_wconf 78' lang='grc' dir='ltr'><em>αὐτοῦ</em></span> <span class='ocrx_word' id='word_1_69' title='bbox 989 1333 1116 1413; x_wconf 70' lang='grc' dir='ltr'><em>φανερὰ</em></span> <span class='ocrx_word' id='word_1_70' title='bbox 1143 1327 1165 1416; x_wconf 81' lang='grc' dir='ltr'><strong><em>ᾖ</em></strong></span> <span class='ocrx_word' id='word_1_71' title='bbox 1198 1333 1232 1398; x_wconf 77' lang='grc' dir='ltr'>ἐν</span> <span class='ocrx_word' id='word_1_72' title='bbox 1255 1337 1349 1397; x_wconf 73' lang='grc' dir='ltr'><strong><em>πᾶσιν.</em></strong></span> 
     </span>
     <span class='ocr_line' id='line_1_10' title="bbox 227 1438 1349 1529; baseline 0.002 -24"><span class='ocrx_word' id='word_1_73' title='bbox 227 1441 334 1505; x_wconf 78' lang='lat' dir='ltr'>Pontii</span> <span class='ocrx_word' id='word_1_74' title='bbox 356 1440 437 1504; x_wconf 90' lang='lat' dir='ltr'>enim</span> <span class='ocrx_word' id='word_1_75' title='bbox 460 1439 517 1504; x_wconf 90' lang='lat' dir='ltr'>hoc</span> <span class='ocrx_word' id='word_1_76' title='bbox 541 1440 578 1503; x_wconf 92' lang='lat' dir='ltr'>ad</span> <span class='ocrx_word' id='word_1_77' title='bbox 600 1438 790 1506; x_wconf 82' lang='lat' dir='ltr'>Timotheum</span> <span class='ocrx_word' id='word_1_78' title='bbox 813 1440 927 1505; x_wconf 86' lang='lat' dir='ltr'>dicium</span> <span class='ocrx_word' id='word_1_79' title='bbox 946 1442 993 1524; x_wconf 87' lang='lat' dir='ltr'>(l)</span> <span class='ocrx_word' id='word_1_80' title='bbox 1015 1442 1048 1503; x_wconf 92' lang='lat' dir='ltr'>in</span> <span class='ocrx_word' id='word_1_81' title='bbox 1071 1441 1271 1529; x_wconf 86' lang='lat' dir='ltr'>interpretem</span> <span class='ocrx_word' id='word_1_82' title='bbox 1291 1465 1349 1527; x_wconf 85' lang='lat' dir='ltr'>quo·</span> 
     </span>
     <span class='ocr_line' id='line_1_11' title="bbox 225 1553 1350 1642; baseline 0.004 -23"><span class='ocrx_word' id='word_1_83' title='bbox 225 1554 385 1619; x_wconf 88' lang='lat' dir='ltr'>dammodo</span> <span class='ocrx_word' id='word_1_84' title='bbox 407 1554 481 1619; x_wconf 90' lang='lat' dir='ltr'>lieet</span> <span class='ocrx_word' id='word_1_85' title='bbox 502 1553 735 1637; x_wconf 84' lang='lat' dir='ltr'>accommodare,</span> <span class='ocrx_word' id='word_1_86' title='bbox 759 1555 814 1638; x_wconf 89' lang='lat' dir='ltr'>qui</span> <span class='ocrx_word' id='word_1_87' title='bbox 836 1553 984 1640; x_wconf 87' lang='lat' dir='ltr'>pluribus,</span> <span class='ocrx_word' id='word_1_88' title='bbox 1007 1555 1119 1639; x_wconf 88' lang='lat' dir='ltr'>quibus</span> <span class='ocrx_word' id='word_1_89' title='bbox 1138 1557 1285 1642; x_wconf 83' lang='lat' dir='ltr'>juvenilis</span> <span class='ocrx_word' id='word_1_90' title='bbox 1301 1558 1350 1642; x_wconf 85' lang='lat' dir='ltr'>ejus</span> 
     </span>
     <span class='ocr_line' id='line_1_12' title="bbox 226 1667 1351 1754; baseline 0.004 -21"><span class='ocrx_word' id='word_1_91' title='bbox 226 1667 378 1734; x_wconf 80' lang='lat' dir='ltr'>laborabat</span> <span class='ocrx_word' id='word_1_92' title='bbox 407 1690 496 1754; x_wconf 87' lang='lat' dir='ltr'>opera</span> <span class='ocrx_word' id='word_1_93' title='bbox 524 1669 698 1754; x_wconf 84' lang='lat' dir='ltr'>exegetica,</span> <span class='ocrx_word' id='word_1_94' title='bbox 731 1670 814 1734; x_wconf 83' lang='lat' dir='ltr'>vitiis</span> <span class='ocrx_word' id='word_1_95' title='bbox 846 1669 1051 1735; x_wconf 74' lang='lat' dir='ltr'>stercoribus</span> <span class='ocrx_word' id='word_1_96' title='bbox 1072 1693 1158 1736; x_wconf 89' lang='lat' dir='ltr'>nune</span> <span class='ocrx_word' id='word_1_97' title='bbox 1180 1671 1351 1739; x_wconf 77' lang='lat' dir='ltr'>laudabiliter</span> 
     </span>
     <span class='ocr_line' id='line_1_13' title="bbox 226 1781 1351 1866; baseline 0.004 -18"><span class='ocrx_word' id='word_1_98' title='bbox 226 1782 420 1849; x_wconf 88' lang='lat' dir='ltr'>eximendum</span> <span class='ocrx_word' id='word_1_99' title='bbox 444 1805 509 1847; x_wconf 90' lang='lat' dir='ltr'>sese</span> <span class='ocrx_word' id='word_1_100' title='bbox 531 1783 648 1848; x_wconf 87' lang='lat' dir='ltr'>curavit</span> <span class='ocrx_word' id='word_1_101' title='bbox 669 1804 703 1847; x_wconf 89' lang='lat' dir='ltr'>ae</span> <span class='ocrx_word' id='word_1_102' title='bbox 725 1781 926 1849; x_wconf 87' lang='lat' dir='ltr'>liberandum.</span> <span class='ocrx_word' id='word_1_103' title='bbox 975 1784 1164 1866; x_wconf 84' lang='lat' dir='ltr'>Sanequam,</span> <span class='ocrx_word' id='word_1_104' title='bbox 1198 1786 1252 1853; x_wconf 89' lang='lat' dir='ltr'>ubi</span> <span class='ocrx_word' id='word_1_105' title='bbox 1273 1787 1351 1852; x_wconf 76' lang='lat' dir='ltr'>Jaco-</span> 
     </span>
     <span class='ocr_line' id='line_1_14' title="bbox 225 1895 1349 1984; baseline 0.004 -22"><span class='ocrx_word' id='word_1_106' title='bbox 225 1899 276 1962; x_wconf 80' lang='lat' dir='ltr'>m‘a</span> <span class='ocrx_word' id='word_1_107' title='bbox 298 1899 513 1977; x_wconf 78' lang='lat' dir='ltr'>Epistotcrcm,</span> <span class='ocrx_word' id='word_1_108' title='bbox 539 1919 665 1980; x_wconf 90' lang='lat' dir='ltr'>quarum</span> <span class='ocrx_word' id='word_1_109' title='bbox 689 1895 827 1981; x_wconf 85' lang='lat' dir='ltr'>pluribus</span> <span class='ocrx_word' id='word_1_110' title='bbox 854 1895 929 1961; x_wconf 88' lang='lat' dir='ltr'>locis</span> <span class='ocrx_word' id='word_1_111' title='bbox 955 1918 1026 1961; x_wconf 86' lang='lat' dir='ltr'>vera</span> <span class='ocrx_word' id='word_1_112' title='bbox 1047 1895 1136 1963; x_wconf 88' lang='lat' dir='ltr'>lectio</span> <span class='ocrx_word' id='word_1_113' title='bbox 1160 1905 1251 1984; x_wconf 84' lang='lat' dir='ltr'>eique</span> <span class='ocrx_word' id='word_1_114' title='bbox 1272 1901 1349 1966; x_wconf 87' lang='lat' dir='ltr'>iuter·</span> 
     </span>
     <span class='ocr_line' id='line_1_15' title="bbox 227 2012 1350 2099; baseline 0.001 -21"><span class='ocrx_word' id='word_1_115' title='bbox 227 2015 355 2099; x_wconf 86' lang='lat' dir='ltr'>pretatis</span> <span class='ocrx_word' id='word_1_116' title='bbox 390 2034 452 2077; x_wconf 89' lang='lat' dir='ltr'>uon</span> <span class='ocrx_word' id='word_1_117' title='bbox 488 2014 555 2076; x_wconf 90' lang='lat' dir='ltr'>sine</span> <span class='ocrx_word' id='word_1_118' title='bbox 592 2013 761 2078; x_wconf 86' lang='lat' dir='ltr'>difficiliore</span> <span class='ocrx_word' id='word_1_119' title='bbox 796 2012 940 2077; x_wconf 83' lang='lat' dir='ltr'>definitur</span> <span class='ocrx_word' id='word_1_120' title='bbox 973 2013 1193 2096; x_wconf 86' lang='lat' dir='ltr'>inquisitione,</span> <span class='ocrx_word' id='word_1_121' title='bbox 1233 2015 1350 2079; x_wconf 84' lang='lat' dir='ltr'>criticam</span> 
     </span>
     <span class='ocr_line' id='line_1_16' title="bbox 225 2129 1350 2214; baseline -0.002 -22"><span class='ocrx_word' id='word_1_122' title='bbox 225 2129 508 2193; x_wconf 86' lang='lat' dir='ltr'>commentationem</span> <span class='ocrx_word' id='word_1_123' title='bbox 537 2133 625 2212; x_wconf 88' lang='lat' dir='ltr'>atque</span> <span class='ocrx_word' id='word_1_124' title='bbox 649 2129 834 2214; x_wconf 83' lang='lat' dir='ltr'>exegetieam</span> <span class='ocrx_word' id='word_1_125' title='bbox 867 2131 931 2192; x_wconf 69' lang='lat'>255</span> <span class='ocrx_word' id='word_1_126' title='bbox 967 2129 1144 2213; x_wconf 83' lang='lat' dir='ltr'>paginarum</span> <span class='ocrx_word' id='word_1_127' title='bbox 1167 2129 1266 2212; x_wconf 86' lang='lat' dir='ltr'>spatio</span> <span class='ocrx_word' id='word_1_128' title='bbox 1296 2148 1350 2192; x_wconf 90' lang='lat' dir='ltr'>eun</span> 
     </span>
     <span class='ocr_line' id='line_1_17' title="bbox 229 2240 1351 2327; baseline -0.002 -21"><span class='ocrx_word' id='word_1_129' title='bbox 229 2241 387 2308; x_wconf 85' lang='lat' dir='ltr'>absolvisse</span> <span class='ocrx_word' id='word_1_130' title='bbox 403 2242 671 2327; x_wconf 77' lang='lat' dir='ltr'>deprehendimus3</span> <span class='ocrx_word' id='word_1_131' title='bbox 690 2264 752 2307; x_wconf 91' lang='lat' dir='ltr'>non</span> <span class='ocrx_word' id='word_1_132' title='bbox 775 2247 822 2306; x_wconf 86' lang='lat' dir='ltr'>esi</span> <span class='ocrx_word' id='word_1_133' title='bbox 843 2241 971 2326; x_wconf 88' lang='lat' dir='ltr'>amplius</span> <span class='ocrx_word' id='word_1_134' title='bbox 993 2241 1074 2324; x_wconf 90' lang='lat' dir='ltr'>quod</span> <span class='ocrx_word' id='word_1_135' title='bbox 1094 2242 1179 2325; x_wconf 83' lang='lat' dir='ltr'>justo</span> <span class='ocrx_word' id='word_1_136' title='bbox 1200 2240 1351 2324; x_wconf 83' lang='lat' dir='ltr'>longiorem</span> 
     </span>
     <span class='ocr_line' id='line_1_18' title="bbox 226 2355 1350 2440; baseline 0.002 -20"><span class='ocrx_word' id='word_1_137' title='bbox 226 2378 261 2420; x_wconf 90' lang='lat' dir='ltr'>ac</span> <span class='ocrx_word' id='word_1_138' title='bbox 284 2357 374 2420; x_wconf 87' lang='lat' dir='ltr'>nimis</span> <span class='ocrx_word' id='word_1_139' title='bbox 396 2361 548 2421; x_wconf 86' lang='lat' dir='ltr'>extensam</span> <span class='ocrx_word' id='word_1_140' title='bbox 570 2358 666 2421; x_wconf 86' lang='lat' dir='ltr'>Sacris</span> <span class='ocrx_word' id='word_1_141' title='bbox 688 2358 721 2420; x_wconf 93' lang='lat' dir='ltr'>in</span> <span class='ocrx_word' id='word_1_142' title='bbox 745 2357 870 2440; x_wconf 84' lang='lat' dir='ltr'>Scriptis</span> <span class='ocrx_word' id='word_1_143' title='bbox 889 2356 1062 2420; x_wconf 87' lang='lat' dir='ltr'>enarrandis</span> <span class='ocrx_word' id='word_1_144' title='bbox 1081 2377 1153 2421; x_wconf 90' lang='lat' dir='ltr'>enm</span> <span class='ocrx_word' id='word_1_145' title='bbox 1169 2355 1350 2421; x_wconf 66' lang='lat' dir='ltr'>conclusisse</span> 
     </span>
     <span class='ocr_line' id='line_1_19' title="bbox 228 2469 1350 2558; baseline 0 -21"><span class='ocrx_word' id='word_1_146' title='bbox 228 2471 459 2556; x_wconf 87' lang='lat' dir='ltr'>disputationem</span> <span class='ocrx_word' id='word_1_147' title='bbox 479 2492 647 2556; x_wconf 84' lang='lat' dir='ltr'>arguamus.</span> <span class='ocrx_word' id='word_1_148' title='bbox 682 2471 782 2558; x_wconf 83' lang='lat' dir='ltr'>hique</span> <span class='ocrx_word' id='word_1_149' title='bbox 804 2469 855 2535; x_wconf 86' lang='lat' dir='ltr'>hic</span> <span class='ocrx_word' id='word_1_150' title='bbox 877 2470 985 2556; x_wconf 85' lang='lat' dir='ltr'>igitur,</span> <span class='ocrx_word' id='word_1_151' title='bbox 1009 2491 1112 2537; x_wconf 85' lang='lat' dir='ltr'>seeum</span> <span class='ocrx_word' id='word_1_152' title='bbox 1132 2472 1202 2555; x_wconf 90' lang='lat' dir='ltr'>ipso</span> <span class='ocrx_word' id='word_1_153' title='bbox 1223 2471 1350 2537; x_wconf 72' lang='lat' dir='ltr'>sitiam</span> 
     </span>
     <span class='ocr_line' id='line_1_20' title="bbox 227 2585 1197 2671; baseline 0 -20"><span class='ocrx_word' id='word_1_154' title='bbox 227 2587 351 2651; x_wconf 85' lang='lat' dir='ltr'>doctum</span> <span class='ocrx_word' id='word_1_155' title='bbox 375 2588 608 2671; x_wconf 88' lang='lat' dir='ltr'>comparaveris,</span> <span class='ocrx_word' id='word_1_156' title='bbox 633 2608 695 2651; x_wconf 91' lang='lat' dir='ltr'>non</span> <span class='ocrx_word' id='word_1_157' title='bbox 717 2588 851 2650; x_wconf 89' lang='lat' dir='ltr'>incertus</span> <span class='ocrx_word' id='word_1_158' title='bbox 873 2587 931 2650; x_wconf 89' lang='lat' dir='ltr'>erit</span> <span class='ocrx_word' id='word_1_159' title='bbox 950 2586 1060 2670; x_wconf 86' lang='lat' dir='ltr'>judieii</span> <span class='ocrx_word' id='word_1_160' title='bbox 1084 2585 1197 2651; x_wconf 82' lang='lat' dir='ltr'>exitus.</span> 
     </span>
    </p>

    <p class='ocr_par' dir='ltr' id='par_1_4' title="bbox 226 2699 1348 3470">
     <span class='ocr_line' id='line_1_21' title="bbox 273 2699 1348 2785; baseline -0.002 -22"><span class='ocrx_word' id='word_1_161' title='bbox 273 2701 380 2766; x_wconf 87' lang='lat' dir='ltr'>Verum</span> <span class='ocrx_word' id='word_1_162' title='bbox 402 2700 503 2785; x_wconf 89' lang='lat' dir='ltr'>plures</span> <span class='ocrx_word' id='word_1_163' title='bbox 531 2702 621 2766; x_wconf 84' lang='lat' dir='ltr'>luisse</span> <span class='ocrx_word' id='word_1_164' title='bbox 650 2703 775 2766; x_wconf 87' lang='lat' dir='ltr'>Criticos</span> <span class='ocrx_word' id='word_1_165' title='bbox 797 2701 884 2765; x_wconf 89' lang='lat' dir='ltr'>video</span> <span class='ocrx_word' id='word_1_166' title='bbox 908 2701 961 2784; x_wconf 89' lang='lat' dir='ltr'>qui</span> <span class='ocrx_word' id='word_1_167' title='bbox 984 2722 1055 2765; x_wconf 89' lang='lat' dir='ltr'>cum</span> <span class='ocrx_word' id='word_1_168' title='bbox 1077 2702 1253 2784; x_wconf 85' lang='lat' dir='ltr'>hieyero,</span> <span class='ocrx_word' id='word_1_169' title='bbox 1277 2699 1348 2783; x_wconf 85' lang='lat' dir='ltr'>cujm</span> 
     </span>
     <span class='ocr_line' id='line_1_22' title="bbox 227 2813 1347 2900; baseline -0.001 -22"><span class='ocrx_word' id='word_1_170' title='bbox 227 2837 320 2900; x_wconf 87' lang='lat' dir='ltr'>pensa</span> <span class='ocrx_word' id='word_1_171' title='bbox 342 2817 549 2893; x_wconf 86' lang='lat' dir='ltr'>continuavit,</span> <span class='ocrx_word' id='word_1_172' title='bbox 576 2816 792 2890; x_wconf 81' lang='lat' dir='ltr'>liutherum</span> <span class='ocrx_word' id='word_1_173' title='bbox 824 2816 960 2880; x_wconf 88' lang='lat' dir='ltr'>conferre</span> <span class='ocrx_word' id='word_1_174' title='bbox 983 2813 1125 2892; x_wconf 84' lang='lat' dir='ltr'>mallent,</span> <span class='ocrx_word' id='word_1_175' title='bbox 1152 2835 1245 2899; x_wconf 86' lang='lat' dir='ltr'>quarn</span> <span class='ocrx_word' id='word_1_176' title='bbox 1266 2833 1347 2877; x_wconf 62' lang='lat' dir='ltr'>mun</span> 
     </span>
     <span class='ocr_line' id='line_1_23' title="bbox 226 2928 1346 3017; baseline 0 -25"><span class='ocrx_word' id='word_1_177' title='bbox 226 2931 304 3014; x_wconf 87' lang='lat' dir='ltr'>ipso.</span> <span class='ocrx_word' id='word_1_178' title='bbox 353 2929 486 3004; x_wconf 85' lang='lat' dir='ltr'>Quorum</span> <span class='ocrx_word' id='word_1_179' title='bbox 516 2951 623 3014; x_wconf 85' lang='lat' dir='ltr'>agmen</span> <span class='ocrx_word' id='word_1_180' title='bbox 655 2930 742 3017; x_wconf 81' lang='lat' dir='ltr'>duait</span> <span class='ocrx_word' id='word_1_181' title='bbox 766 2931 800 2994; x_wconf 86' lang='lat' dir='ltr'>G.</span> <span class='ocrx_word' id='word_1_182' title='bbox 828 2933 857 2993; x_wconf 82' lang='grc' dir='ltr'>Ε,</span> <span class='ocrx_word' id='word_1_183' title='bbox 883 2933 974 3006; x_wconf 88' lang='lat' dir='ltr'>Le0;</span> <span class='ocrx_word' id='word_1_184' title='bbox 1008 2928 1080 3012; x_wconf 92' lang='lat' dir='ltr'>qui,</span> <span class='ocrx_word' id='word_1_185' title='bbox 1113 2950 1212 3012; x_wconf 91' lang='lat' dir='ltr'>quum</span> <span class='ocrx_word' id='word_1_186' title='bbox 1240 2928 1346 3004; x_wconf 87' lang='lat' dir='ltr'>eodem,</span> 
     </span>
     <span class='ocr_line' id='line_1_24' title="bbox 228 3040 1346 3128; baseline -0.004 -21"><span class='ocrx_word' id='word_1_187' title='bbox 228 3066 289 3128; x_wconf 93' lang='lat' dir='ltr'>quo</span> <span class='ocrx_word' id='word_1_188' title='bbox 311 3043 380 3124; x_wconf 91' lang='lat' dir='ltr'>ilie,</span> <span class='ocrx_word' id='word_1_189' title='bbox 417 3066 494 3107; x_wconf 91' lang='lat' dir='ltr'>anno</span> <span class='ocrx_word' id='word_1_190' title='bbox 516 3047 643 3110; x_wconf 80' lang='lat' dir='ltr'>aiterum</span> <span class='ocrx_word' id='word_1_191' title='bbox 668 3045 710 3108; x_wconf 79' lang='lat' dir='ltr'>ad</span> <span class='ocrx_word' id='word_1_192' title='bbox 734 3044 913 3106; x_wconf 63' lang='lat' dir='ltr'>ierotheum</span> <span class='ocrx_word' id='word_1_193' title='bbox 933 3040 1093 3125; x_wconf 82' lang='lat' dir='ltr'>Epistolam</span> <span class='ocrx_word' id='word_1_194' title='bbox 1115 3042 1346 3127; x_wconf 76' lang='lat' dir='ltr'>interpretaturos</span> 
     </span>
     <span class='ocr_line' id='line_1_25' title="bbox 230 3148 1345 3240; baseline -0.009 -18"><span class='ocrx_word' id='word_1_195' title='bbox 230 3164 304 3238; x_wconf 89' lang='lat' dir='ltr'>erat,</span> <span class='ocrx_word' id='word_1_196' title='bbox 329 3182 388 3222; x_wconf 79' lang='lat' dir='ltr'>noc</span> <span class='ocrx_word' id='word_1_197' title='bbox 407 3159 447 3221; x_wconf 78' lang='lat' dir='ltr'>cai</span> <span class='ocrx_word' id='word_1_198' title='bbox 465 3182 528 3222; x_wconf 79' lang='lat' dir='ltr'>eam</span> <span class='ocrx_word' id='word_1_199' title='bbox 551 3160 730 3240; x_wconf 68' lang='lat' dir='ltr'>uariatque</span> <span class='ocrx_word' id='word_1_200' title='bbox 754 3155 933 3219; x_wconf 50' lang='lat' dir='ltr'>&amp;caritate</span> <span class='ocrx_word' id='word_1_201' title='bbox 953 3154 988 3217; x_wconf 77' lang='lat' dir='ltr'>io</span> <span class='ocrx_word' id='word_1_202' title='bbox 1014 3154 1120 3218; x_wconf 80' lang='lat' dir='ltr'>Paulli</span> <span class='ocrx_word' id='word_1_203' title='bbox 1145 3155 1246 3219; x_wconf 75' lang='lat' dir='ltr'>vertis</span> <span class='ocrx_word' id='word_1_204' title='bbox 1269 3148 1345 3230; x_wconf 72' lang='lat' dir='ltr'>arpii·</span> 
     </span>
     <span class='ocr_line' id='line_1_26' title="bbox 227 3260 1345 3353; baseline -0.01 -16"><span class='ocrx_word' id='word_1_205' title='bbox 227 3275 331 3337; x_wconf 70' lang='lat' dir='ltr'>ceradis</span> <span class='ocrx_word' id='word_1_206' title='bbox 360 3282 506 3337; x_wconf 77' lang='lat' dir='ltr'>cereatum</span> <span class='ocrx_word' id='word_1_207' title='bbox 537 3294 598 3336; x_wconf 81' lang='lat' dir='ltr'>ecce</span> <span class='ocrx_word' id='word_1_208' title='bbox 624 3273 768 3346; x_wconf 86' lang='lat' dir='ltr'>affirmat,</span> <span class='ocrx_word' id='word_1_209' title='bbox 802 3270 864 3353; x_wconf 77' lang='lat' dir='ltr'>qud</span> <span class='ocrx_word' id='word_1_210' title='bbox 884 3270 1075 3352; x_wconf 84' lang='lat' dir='ltr'>lieyerurn</span> <span class='ocrx_word' id='word_1_211' title='bbox 1105 3289 1190 3331; x_wconf 83' lang='lat' dir='ltr'>caum</span> <span class='ocrx_word' id='word_1_212' title='bbox 1215 3290 1275 3333; x_wconf 80' lang='lat' dir='ltr'>ease</span> <span class='ocrx_word' id='word_1_213' title='bbox 1297 3260 1345 3330; x_wconf 71' lang='lat' dir='ltr'>Via</span> 
     </span>
     <span class='ocr_line' id='line_1_27' title="bbox 228 3376 1344 3470; baseline -0.003 -20"><span class='ocrx_word' id='word_1_214' title='bbox 228 3388 307 3452; x_wconf 80' lang='lat' dir='ltr'>docti</span> <span class='ocrx_word' id='word_1_215' title='bbox 325 3389 458 3452; x_wconf 80' lang='lat' dir='ltr'>lubenter</span> <span class='ocrx_word' id='word_1_216' title='bbox 485 3388 653 3470; x_wconf 66' lang='lat' dir='ltr'>turpantur</span> <span class='ocrx_word' id='word_1_217' title='bbox 677 3387 735 3468; x_wconf 76' lang='lat' dir='ltr'>(i).</span> <span class='ocrx_word' id='word_1_218' title='bbox 778 3383 870 3467; x_wconf 81' lang='lat' dir='ltr'>Cujus</span> <span class='ocrx_word' id='word_1_219' title='bbox 893 3403 955 3447; x_wconf 87' lang='lat' dir='ltr'>sese</span> <span class='ocrx_word' id='word_1_220' title='bbox 978 3382 1149 3449; x_wconf 81' lang='lat' dir='ltr'>consentire</span> <span class='ocrx_word' id='word_1_221' title='bbox 1169 3381 1287 3466; x_wconf 85' lang='lat' dir='ltr'>judicio</span> <span class='ocrx_word' id='word_1_222' title='bbox 1306 3376 1344 3447; x_wconf 78' lang='lat' dir='ltr'>ali·</span> 
     </span>
    </p>
   </div>
   <div class='ocr_carea' id='block_1_4' title="bbox 316 3578 413 3586">
    <p class='ocr_par' dir='ltr' id='par_1_5' title="bbox 316 3578 413 3586">
     <span class='ocr_line' id='line_1_28' title="bbox 316 3578 413 3586; baseline 0 0"><span class='ocrx_word' id='word_1_223' title='bbox 316 3578 413 3586; x_wconf 56' lang='lat'>-01-——0—</span> 
     </span>
    </p>
   </div>
   <div class='ocr_carea' id='block_1_5' title="bbox 227 3710 1346 4522">
    <p class='ocr_par' dir='ltr' id='par_1_6' title="bbox 265 3710 584 3776">
     <span class='ocr_line' id='line_1_29' title="bbox 265 3710 584 3776; baseline -0.009 -14"><span class='ocrx_word' id='word_1_224' title='bbox 265 3713 302 3776; x_wconf 86' lang='lat' dir='ltr'>(i)</span> <span class='ocrx_word' id='word_1_225' title='bbox 325 3720 334 3762; x_wconf 89' lang='grc'>1</span> <span class='ocrx_word' id='word_1_226' title='bbox 358 3711 456 3762; x_wconf 82' lang='lat' dir='ltr'>Timoih.</span> <span class='ocrx_word' id='word_1_227' title='bbox 474 3710 524 3761; x_wconf 84' lang='lat' dir='ltr'>IV.</span> <span class='ocrx_word' id='word_1_228' title='bbox 545 3715 584 3760; x_wconf 82' lang='lat'>15.</span> 
     </span>
    </p>

    <p class='ocr_par' dir='ltr' id='par_1_7' title="bbox 227 3794 1346 4522">
     <span class='ocr_line' id='line_1_30' title="bbox 261 3794 1343 3868; baseline -0.009 -13"><span class='ocrx_word' id='word_1_229' title='bbox 261 3808 299 3866; x_wconf 78' lang='lat'>(2)</span> <span class='ocrx_word' id='word_1_230' title='bbox 319 3806 396 3855; x_wconf 85' lang='lat' dir='ltr'>Vidd.</span> <span class='ocrx_word' id='word_1_231' title='bbox 414 3804 484 3853; x_wconf 87' lang='lat' dir='ltr'>iilius</span> <span class='ocrx_word' id='word_1_232' title='bbox 502 3802 616 3868; x_wconf 73' lang='lat' dir='ltr'>Proiepp.</span> <span class='ocrx_word' id='word_1_233' title='bbox 638 3807 673 3866; x_wconf 86' lang='lat' dir='ltr'>(p.</span> <span class='ocrx_word' id='word_1_234' title='bbox 696 3800 846 3852; x_wconf 81' lang='lat' dir='ltr'>XXXVIII</span> <span class='ocrx_word' id='word_1_235' title='bbox 863 3800 930 3866; x_wconf 81' lang='lat' dir='ltr'>sqq.)</span> <span class='ocrx_word' id='word_1_236' title='bbox 948 3802 1013 3851; x_wconf 90' lang='lat' dir='ltr'>libro</span> <span class='ocrx_word' id='word_1_237' title='bbox 1032 3800 1195 3864; x_wconf 82' lang='lat' dir='ltr'>praeposita:</span> <span class='ocrx_word' id='word_1_238' title='bbox 1216 3799 1291 3850; x_wconf 80' lang='lat' dir='ltr'>Parii</span> <span class='ocrx_word' id='word_1_239' title='bbox 1306 3794 1343 3860; x_wconf 78' lang='lat' dir='ltr'>dp.</span> 
     </span>
     <span class='ocr_line' id='line_1_31' title="bbox 228 3891 1344 3959; baseline -0.009 -11"><span class='ocrx_word' id='word_1_240' title='bbox 228 3898 305 3948; x_wconf 81' lang='lat' dir='ltr'>altera</span> <span class='ocrx_word' id='word_1_241' title='bbox 327 3897 361 3946; x_wconf 86' lang='lat' dir='ltr'>ad</span> <span class='ocrx_word' id='word_1_242' title='bbox 378 3895 437 3946; x_wconf 80' lang='lat' dir='ltr'>Tim.</span> <span class='ocrx_word' id='word_1_243' title='bbox 457 3895 555 3946; x_wconf 78' lang='lat' dir='ltr'>Graece.</span> <span class='ocrx_word' id='word_1_244' title='bbox 592 3895 648 3947; x_wconf 83' lang='lat' dir='ltr'>Cum</span> <span class='ocrx_word' id='word_1_245' title='bbox 671 3903 785 3944; x_wconf 72' lang='lat' dir='ltr'>camariana</span> <span class='ocrx_word' id='word_1_246' title='bbox 801 3901 914 3959; x_wconf 83' lang='lat' dir='ltr'>perpetuo</span> <span class='ocrx_word' id='word_1_247' title='bbox 935 3892 1009 3944; x_wconf 79' lang='lat' dir='ltr'>edidit</span> <span class='ocrx_word' id='word_1_248' title='bbox 1027 3891 1059 3941; x_wconf 83' lang='lat' dir='ltr'>G.</span> <span class='ocrx_word' id='word_1_249' title='bbox 1079 3893 1109 3942; x_wconf 78' lang='lat' dir='ltr'>is.</span> <span class='ocrx_word' id='word_1_250' title='bbox 1127 3893 1176 3947; x_wconf 85' lang='lat' dir='ltr'>L.;</span> <span class='ocrx_word' id='word_1_251' title='bbox 1197 3893 1269 3957; x_wconf 67' lang='lat' dir='ltr'>Lipc,</span> <span class='ocrx_word' id='word_1_252' title='bbox 1290 3893 1344 3941; x_wconf 79' lang='lat'>1⁸5⁰.</span> 
     </span>
     <span class='ocr_line' id='line_1_32' title="bbox 228 3983 1346 4055; baseline -0.013 -13"><span class='ocrx_word' id='word_1_253' title='bbox 228 3992 368 4055; x_wconf 78' lang='lat' dir='ltr'>Perspicut</span> <span class='ocrx_word' id='word_1_254' title='bbox 383 3996 460 4054; x_wconf 83' lang='lat' dir='ltr'>atque</span> <span class='ocrx_word' id='word_1_255' title='bbox 479 3990 634 4053; x_wconf 85' lang='lat' dir='ltr'>elegantiore</span> <span class='ocrx_word' id='word_1_256' title='bbox 652 3991 693 4039; x_wconf 88' lang='lat' dir='ltr'>hic</span> <span class='ocrx_word' id='word_1_257' title='bbox 711 3989 766 4051; x_wconf 87' lang='lat' dir='ltr'>ejus</span> <span class='ocrx_word' id='word_1_258' title='bbox 788 3988 853 4037; x_wconf 88' lang='lat' dir='ltr'>iiber</span> <span class='ocrx_word' id='word_1_259' title='bbox 868 3987 1062 4037; x_wconf 89' lang='lat' dir='ltr'>commendatur</span> <span class='ocrx_word' id='word_1_260' title='bbox 1080 3983 1234 4034; x_wconf 81' lang='lat' dir='ltr'>Latinitate.</span> <span class='ocrx_word' id='word_1_261' title='bbox 1267 3984 1346 4033; x_wconf 85' lang='lat' dir='ltr'>Veram</span> 
     </span>
     <span class='ocr_line' id='line_1_33' title="bbox 228 4076 1346 4148; baseline -0.008 -15"><span class='ocrx_word' id='word_1_262' title='bbox 228 4084 314 4148; x_wconf 91' lang='lat' dir='ltr'>paullo</span> <span class='ocrx_word' id='word_1_263' title='bbox 332 4083 474 4133; x_wconf 88' lang='lat' dir='ltr'>acerbiores</span> <span class='ocrx_word' id='word_1_264' title='bbox 498 4084 561 4133; x_wconf 87' lang='lat' dir='ltr'>mihi</span> <span class='ocrx_word' id='word_1_265' title='bbox 579 4083 713 4142; x_wconf 82' lang='lat' dir='ltr'>videntur,</span> <span class='ocrx_word' id='word_1_266' title='bbox 732 4096 794 4146; x_wconf 90' lang='lat' dir='ltr'>quas</span> <span class='ocrx_word' id='word_1_267' title='bbox 813 4082 831 4130; x_wconf 87' lang='lat' dir='ltr'>l.</span> <span class='ocrx_word' id='word_1_268' title='bbox 852 4082 869 4132; x_wconf 93' lang='lat'>1.</span> <span class='ocrx_word' id='word_1_269' title='bbox 887 4083 913 4130; x_wconf 91' lang='lat' dir='ltr'>in</span> <span class='ocrx_word' id='word_1_270' title='bbox 932 4079 1113 4130; x_wconf 86' lang='lat' dir='ltr'>Hutberum</span> <span class='ocrx_word' id='word_1_271' title='bbox 1135 4080 1262 4142; x_wconf 89' lang='lat' dir='ltr'>prodidit,</span> <span class='ocrx_word' id='word_1_272' title='bbox 1280 4076 1346 4127; x_wconf 76' lang='lat' dir='ltr'>ann-</span> 
     </span>
     <span class='ocr_line' id='line_1_34' title="bbox 227 4167 1345 4239; baseline -0.006 -12"><span class='ocrx_word' id='word_1_273' title='bbox 227 4179 397 4227; x_wconf 85' lang='lat' dir='ltr'>adversiones.</span> <span class='ocrx_word' id='word_1_274' title='bbox 417 4203 447 4214; x_wconf 89' lang='lat'>-·</span> <span class='ocrx_word' id='word_1_275' title='bbox 467 4177 499 4226; x_wconf 84' lang='lat' dir='ltr'>iit</span> <span class='ocrx_word' id='word_1_276' title='bbox 517 4175 593 4239; x_wconf 86' lang='lat' dir='ltr'>bajus</span> <span class='ocrx_word' id='word_1_277' title='bbox 611 4184 637 4225; x_wconf 80' lang='lat' dir='ltr'>et</span> <span class='ocrx_word' id='word_1_278' title='bbox 661 4176 732 4225; x_wconf 84' lang='lat' dir='ltr'>iliius</span> <span class='ocrx_word' id='word_1_279' title='bbox 750 4174 960 4225; x_wconf 86' lang='lat' dir='ltr'>commentarium</span> <span class='ocrx_word' id='word_1_280' title='bbox 979 4173 1069 4223; x_wconf 87' lang='lat' dir='ltr'>eodem</span> <span class='ocrx_word' id='word_1_281' title='bbox 1086 4173 1239 4236; x_wconf 84' lang='lat' dir='ltr'>complexus</span> <span class='ocrx_word' id='word_1_282' title='bbox 1252 4167 1345 4234; x_wconf 77' lang='lat' dir='ltr'>juricio,</span> 
     </span>
     <span class='ocr_line' id='line_1_35' title="bbox 228 4265 1345 4333; baseline -0.006 -15"><span class='ocrx_word' id='word_1_283' title='bbox 228 4270 327 4318; x_wconf 87' lang='lat' dir='ltr'>sobriae</span> <span class='ocrx_word' id='word_1_284' title='bbox 339 4275 473 4332; x_wconf 87' lang='lat' dir='ltr'>certaeque</span> <span class='ocrx_word' id='word_1_285' title='bbox 484 4272 642 4332; x_wconf 85' lang='lat' dir='ltr'>quaerendae</span> <span class='ocrx_word' id='word_1_286' title='bbox 657 4266 860 4333; x_wconf 82' lang='lat' dir='ltr'>interpretationi</span> <span class='ocrx_word' id='word_1_287' title='bbox 875 4265 1003 4316; x_wconf 84' lang='lat' dir='ltr'>studuisse</span> <span class='ocrx_word' id='word_1_288' title='bbox 1015 4271 1155 4328; x_wconf 85' lang='lat' dir='ltr'>utrumque</span> <span class='ocrx_word' id='word_1_289' title='bbox 1170 4271 1248 4328; x_wconf 83' lang='lat' dir='ltr'>atque</span> <span class='ocrx_word' id='word_1_290' title='bbox 1260 4271 1345 4326; x_wconf 77' lang='lat' dir='ltr'>operam</span> 
     </span>
     <span class='ocr_line' id='line_1_36' title="bbox 227 4357 1344 4424; baseline -0.002 -15"><span class='ocrx_word' id='word_1_291' title='bbox 227 4364 348 4421; x_wconf 71' lang='lat' dir='ltr'>navasse,</span> <span class='ocrx_word' id='word_1_292' title='bbox 367 4377 425 4410; x_wconf 88' lang='lat' dir='ltr'>vere</span> <span class='ocrx_word' id='word_1_293' title='bbox 443 4361 552 4412; x_wconf 83' lang='lat' dir='ltr'>affirmat</span> <span class='ocrx_word' id='word_1_294' title='bbox 571 4360 748 4411; x_wconf 81' lang='lat' dir='ltr'>Ewaidius.</span> <span class='ocrx_word' id='word_1_295' title='bbox 780 4359 861 4424; x_wconf 84' lang='lat' dir='ltr'>Cujus</span> <span class='ocrx_word' id='word_1_296' title='bbox 879 4360 949 4412; x_wconf 80' lang='lat' dir='ltr'>vidd.</span> <span class='ocrx_word' id='word_1_297' title='bbox 964 4357 1071 4410; x_wconf 81' lang='lat' dir='ltr'>Annales</span> <span class='ocrx_word' id='word_1_298' title='bbox 1089 4359 1177 4409; x_wconf 86' lang='lat' dir='ltr'>laudd.</span> <span class='ocrx_word' id='word_1_299' title='bbox 1197 4360 1245 4410; x_wconf 89' lang='lat' dir='ltr'>iil.</span> <span class='ocrx_word' id='word_1_300' title='bbox 1267 4359 1344 4408; x_wconf 77' lang='lat'>1850-</span> 
     </span>
     <span class='ocr_line' id='line_1_37' title="bbox 232 4460 428 4522; baseline 0.01 -19"><span class='ocrx_word' id='word_1_301' title='bbox 232 4460 305 4516; x_wconf 75' lang='lat' dir='ltr'>rser,</span> <span class='ocrx_word' id='word_1_302' title='bbox 325 4470 351 4522; x_wconf 83' lang='lat' dir='ltr'>p.</span> <span class='ocrx_word' id='word_1_303' title='bbox 371 4461 428 4505; x_wconf 81' lang='lat'><strong>252.</strong></span> 
     </span>
    </p>
   </div>
   <div class='ocr_carea' id='block_1_6' title="bbox 0 0 1396 4958">
    <p class='ocr_par' dir='ltr' id='par_1_8' title="bbox 0 0 1396 4958">
     <span class='ocr_line' id='line_1_38' title="bbox 0 0 1396 4958; baseline 0 0"><span class='ocrx_word' id='word_1_304' title='bbox 0 0 1396 4958; x_wconf 95' lang='lat' dir='ltr'> </span> 
     </span>
    </p>
   </div>
  </div>
 </body>
</html>
