2782 4958
532 353 572 395 DE
594 350 794 396 northberto,
1185 334 1226 399 39

105 516 305 591 excolendam
332 517 461 614 delegit.
513 519 615 614 Cujus
636 517 747 615 judicii
766 519 938 616 sapientia,
968 542 1037 617 quo
1058 522 1159 616 magis
1177 519 1227 591 his

105 638 136 713 le
172 642 273 714 rebus
304 641 502 728 meditabar,
533 667 572 714 eo
598 641 719 715 certius
749 642 826 715 mihi
862 669 897 716 se
927 643 1086 741 probavit.
1139 643 1226 728 Quid

105 763 205 837 nim‘l
256 767 292 836 ln
317 765 404 836 illius
429 791 494 838 non
520 765 671 839 omnibus
691 765 842 865 quidem,
869 765 926 839 sed
953 766 1049 862 longe
1079 766 1227 863 plurimis

105 909 203 961 tmen
228 887 379 985 partibus
409 913 517 960 rerum
550 903 730 986 gestarum,
767 915 852 989 quae
882 892 948 986 jam
974 888 1052 960 satis
1078 890 1226 986 cognitae

105 1024 219 1096 ssent,
247 1011 432 1108 ingeniosae
454 1012 563 1109 potius
592 1014 829 1110 conjunctionis
851 1038 889 1085 ae
914 1011 1126 1110 philosophae
1155 1012 1226 1084 dis-

105 1133 280 1206 uisitionis
297 1134 425 1208 laudem
444 1135 506 1206 sibi
519 1136 664 1210 relictam
681 1137 821 1226 videbat,
838 1161 936 1235 quam
954 1161 1122 1220 novarum,
1141 1160 1227 1233 quae

105 1249 205 1328 dhue
223 1256 375 1344 laterent,
402 1257 597 1331 inventionis
624 1273 723 1358 atque
741 1258 986 1357 explanationis.
1031 1260 1068 1330 ln
1085 1258 1124 1329 iis
1141 1257 1226 1331 enim

105 1379 340 1452 erscrutaodis
358 1394 457 1479 atque
478 1381 692 1479 explicandis,
714 1383 777 1455 hoc
799 1383 869 1481 ipso
894 1381 1042 1470 maxime,
1057 1407 1123 1479 quo
1140 1380 1226 1453 vivi-

105 1519 181 1590 tus,
205 1504 334 1591 seculo,
356 1519 437 1604 quot
461 1518 493 1578 et
518 1520 641 1605 quanto
663 1507 792 1603 ingenio
817 1506 1030 1605 doctrinaque
1048 1505 1114 1578 Viri
1133 1504 1226 1604 quasi

105 1628 242 1699 ¹ertatim
274 1653 371 1727 quam
394 1641 544 1724 poterant
566 1631 736 1705 maximam
762 1643 940 1731 posuerant
961 1654 1092 1727 operam
1128 1642 1227 1727 atque

108 1751 310 1824 udustriam‘?
360 1754 482 1825 Verum
504 1754 600 1850 longe
624 1753 736 1826 aberat
761 1767 796 1825 ut
817 1752 960 1849 ejusdem
980 1754 1047 1849 jam
1066 1751 1227 1824 felicitatis

105 1864 132 1944 ln
151 1875 350 1947 consortium
365 1875 506 1948 venisset
520 1876 749 1950 Nedarlondio.
777 1877 880 1950 Multa
902 1877 1006 1964 enim,
1025 1900 1109 1973 quae
1128 1875 1227 1970 hujus

105 1992 411 2086 theodemario
435 1999 614 2072 instaurata
639 1999 795 2098 imprimis
816 1998 927 2072 seculo
951 1999 1029 2070 XVI
1045 2000 1142 2068 Sacra
1173 1995 1226 2093 (de

105 2121 333 2194 recentioribus
357 2147 397 2193 ne
423 2121 542 2220 dicam)
575 2138 666 2220 gesta
694 2138 786 2195 erant
816 2136 915 2220 atque
947 2133 1140 2206 evenerant,
1169 2132 1226 2191 aut

105 2244 193 2343 vulgo
225 2244 334 2341 ignota
364 2258 475 2331 erant,
503 2260 560 2318 aut
591 2259 678 2320 certe
702 2273 766 2319 non
797 2247 840 2318 ita
865 2258 1032 2331 accurate,
1058 2241 1224 2328 distinete,

105 2366 189 2463 plene
211 2367 356 2464 cognita,
391 2381 484 2440 utet
510 2367 653 2465 ipsarum
680 2395 789 2443 rerum
813 2383 1012 2441 momentum
1038 2364 1226 2463 requirebat

105 2504 126 2562 at
150 2489 280 2561 Patriae
306 2490 410 2563 honos
435 2506 467 2563 et
500 2491 645 2565 hodierni
676 2492 864 2591 disciplinae
897 2514 1097 2588 progressus
1150 2488 1224 2572 Quo

105 2612 198 2710 uagis
222 2613 317 2684 nobis
336 2613 520 2686 laetandum
547 2628 596 2688 est
620 2614 661 2687 ad
689 2615 776 2687 huno
797 2613 1019 2712 potissimum,
1042 2611 1137 2706 eujus
1159 2634 1224 2681 non

105 2760 218 2807 raucae
244 2734 353 2807 adhuc
387 2735 556 2832 neglectae
591 2751 684 2810 erant
712 2751 834 2835 partes,
862 2760 976 2832 agrum
1010 2732 1224 2806 excolendum

105 2858 236 2931 nimum
259 2859 424 2957 appulisse
450 2861 747 2958 Royaardsium.
800 2858 860 2930 Cui
881 2856 1070 2955 praesertim
1096 2855 1224 2928 adrem

105 2981 227 3054 eliciter
252 2982 428 3079 agendam,
451 3008 491 3055 oe
517 2982 755 3082 depraedaris
781 2981 889 3054 denuo
914 2979 1020 3052 dicam
1045 2980 1147 3077 ipsius
1165 2978 1225 3051 do-

104 3102 195 3193 ibus,
222 3105 312 3201 larga
342 3105 548 3176 subsidiorum
572 3109 665 3204 copia
689 3119 758 3178 erat
780 3119 812 3178 et
834 3118 1027 3202 apparatus,
1052 3127 1118 3200 quo
1154 3102 1222 3189 alii,

105 3226 148 3326 [ui
176 3226 288 3300 eadem
315 3229 346 3298 in
374 3230 534 3326 palaestrh
563 3229 768 3303 laudabiliter
793 3228 911 3302 versati
939 3238 1049 3313 erant,
1075 3225 1144 3297 Viri
1168 3224 1223 3295 lit-

105 3351 186 3423 erati
213 3351 264 3425 vel
290 3366 476 3441 caruerant,
506 3354 556 3425 vel
583 3354 712 3451 parcius
738 3367 826 3425 certe
852 3351 899 3424 uti
926 3362 1108 3451 potuerant.

140 3476 225 3546 Tum
247 3475 278 3546 in
305 3475 358 3564 iis,
384 3477 512 3550 nemine
531 3477 718 3565 dubitante,
741 3477 801 3548 luit
821 3477 972 3564 Amicus,
994 3499 1124 3574 quorum
1147 3498 1223 3569 per-

105 3623 141 3669 us
157 3598 302 3692 fiereidus
323 3599 450 3688 urebat,
477 3614 513 3672 ut
533 3601 577 3672 ait
598 3602 715 3687 Poeta,
743 3601 875 3671 Patriae
898 3621 994 3669 umor.
1031 3597 1137 3681 Quam
1157 3597 1223 3692 qual

105 3720 367 3818 :emplecteretur
389 3724 532 3812 caritate,
554 3725 644 3795 testis
671 3721 765 3794 nobis
791 3735 839 3793 est
862 3717 996 3816 juvenili
1021 3730 1126 3788 aetate
1147 3741 1224 3787 sus·

105 3857 205 3941 :epta,
240 3843 279 3915 de
306 3851 371 3944 qual
404 3873 504 3944 supra
536 3846 688 3934 diximus,
725 3844 834 3916 militia
869 3841 1060 3915 voluntaria.
1113 3841 1225 3912 Testes

105 3965 206 4053 rinae,
234 3991 318 4064 quas
343 3993 371 4040 a.
394 3972 481 4041 t83t
507 3968 622 4056 edidit,
643 3970 805 4040 orationes
826 3990 955 4053 sacrae,
978 3988 1044 4062 quo
1066 3977 1223 4060 tempore,

105 4089 211 4187 psius,
241 4114 308 4188 quo
330 4091 405 4162 olim
433 4093 629 4189 praeiverat,
657 4091 842 4189 exemplum
868 4087 986 4174 secuti,
1016 4085 1107 4157 multi
1133 4086 1223 4157 Aea-

105 4210 219 4285 lemiae
244 4213 331 4286 cives
358 4229 466 4311 togam
492 4241 567 4288 curn
594 4241 672 4312 sago
698 4231 830 4287 strenue
857 4221 1137 4284 commutaverant
1161 4206 1222 4305 (l).

105 4391 248 4402 -α-υα-

130 4485 176 4556 (1)
197 4487 360 4542 Accusatiua
381 4487 511 4544 laudatur
532 4496 649 4560 utraque
669 4487 697 4543 in
711 4487 868 4558 Scriptorum
886 4484 923 4538 ll.
939 4483 969 4538 d.
984 4482 1021 4536 R.
1043 4479 1130 4533 Indice
1150 4479 1224 4551 apud
