2782 4958
579 342 743 387 cnusoaan.
1186 329 1228 388 45

99 511 209 575 minnm
235 511 312 576 vitae
335 511 485 575 miseriam
509 515 540 575 et
562 532 633 576 suae
651 512 799 596 imprimis
820 485 920 575 sortis·
930 513 1117 575 atrocitatem
1133 511 1228 576 flebili

98 648 167 691 voce
191 625 396 711 deplorantem
418 626 558 691 audimus
580 624 706 690 Jobum.

137 741 211 806 Hoc
240 743 338 827 igitur
367 742 473 826 Capite
502 743 632 826 primum
656 750 769 828 quarto
792 761 847 803 nos
869 739 1000 803 advertit
1022 741 1129 819 sectio,
1152 761 1228 825 qnae

96 875 183 940 quam
207 855 315 940 longae
338 860 428 939 atque
450 856 587 919 infinitae
619 852 737 918 miseris
760 864 857 918 noctes
879 852 1039 918 videantur
1062 854 1224 936 ipsaeque,

93 968 205 1053 quibus
227 970 363 1054 proxime
396 970 636 1055 praeceduntur,
662 988 826 1053 vesperae,
850 971 990 1031 naturam
1013 968 1132 1032 imitata
1155 968 1226 1031 sim·

94 1082 229 1168 plicitate
252 1083 402 1169 depingit.
446 1083 575 1162 Locum,
602 1104 691 1168 quem
714 1081 764 1146 alii
789 1081 876 1146 aliter
899 1086 930 1145 et
953 1080 1174 1146 distribuerunt
1196 1085 1229 1146 et

96 1186 285 1277 enarrtrunt,
307 1199 338 1262 in
355 1197 504 1284 plerisque
521 1199 701 1264 assentiente
725 1199 766 1262 Δ.
791 1195 1060 1261 Schultensio
1083 1202 1114 1261 et
1140 1196 1228 1261 Hei·

96 1311 313 1397 ligstedtio
335 1309 411 1398 (l),
436 1313 481 1376 sic
504 1313 681 1378 vertendum
703 1318 796 1399 puto:

140 1424 219 1491 Cum
242 1427 402 1492 decumbo:
424 1430 587 1513 ecquando,
605 1429 743 1514 iuquam,
765 1427 845 1492 midi
860 1447 984 1512 surpere
1004 1423 1127 1492 licebat
1141 1426 1179 1512 (i.
1195 1448 1224 1492 e.

97 1542 248 1625 ecquando
271 1543 391 1607 tandem
414 1542 480 1606 dies
501 1543 660 1620 adveniet,
700 1564 761 1626 quo
794 1542 989 1607 illucescente
1012 1542 1168 1606 commode
1189 1541 1227 1606 de

97 1655 321 1742 lectosnrgere
343 1658 478 1741 possim,
503 1679 630 1744 surgere
653 1662 733 1722 certe
756 1654 849 1741 volgo
871 1656 969 1720 solent
992 1653 1129 1720 homines
1140 1657 1171 1741 i)

137 1768 305 1834 Enimuero
328 1770 428 1854 ipsum
447 1770 603 1855 protrudit
624 1792 777 1856 uesperam
803 1769 937 1857 (Deus);

144 1881 308 1970 Ver-iisque
330 1886 464 1970 corporis
482 1884 716 1951 volutationibus
734 1888 777 1951 od
803 1883 1011 1969 crepusculum
1037 1905 1129 1972 ucpuc
1156 1906 1226 1950 cou-

93 1999 179 2083 ficicr
201 1997 337 2083 (proprie
360 1996 468 2084 satior)
490 2002 685 2065 matutinum.

138 2111 230 2184 Quod
262 2111 313 2176 hic
335 2112 484 2198 legimus,
521 2113 626 2178 vocab.
658 2134 717 2197 epp
739 2114 827 2179 multi
850 2135 905 2199 pro
927 2135 1011 2177 nom.
1036 2112 1149 2179 verbali
1173 2112 1225 2178 he-

98 2224 166 2291 bent
189 2249 206 2290 a
229 2225 274 2291 th.
301 2244 367 2322 tp,
390 2226 514 2312 effupc't,
540 2228 666 2292 ductum
689 2233 891 2314 vertuntque:
911 2227 1088 2314 Ecquando
1108 2229 1226 2316 uoces·

91 2338 212 2428 ficpiet?
234 2339 818 2422 ItaRosenmnll.,De·Wettius,
844 2342 1042 2420 Gesenins,
1068 2341 1225 2406 Veilrin·

96 2475 223 2538 gerus,
247 2453 311 2518 alii.
358 2454 417 2518 Sed
439 2454 517 2519 nihil
540 2456 701 2541 quicquam
724 2460 780 2534 est,
796 2454 876 2538 quod
899 2459 960 2518 tam
983 2455 1134 2519 insolitam
1155 2458 1224 2521 voci

95 2570 154 2632 rim
176 2565 327 2653 subjicere
349 2569 483 2633 suadeat.
531 2571 579 2634 Ac
602 2569 740 2634 dubitare
763 2575 844 2633 certe
867 2569 958 2643 licet,
985 2590 1060 2634 num
1083 2571 1125 2634 ita
1149 2572 1225 2635 sim·

94 2681 210 2766 pliciter
232 2683 364 2767 positum
386 2685 454 2747 voc·
474 2699 529 2770 app
546 2694 659 2749 eodem
681 2684 852 2770 significare
875 2684 978 2769 possit.
1003 2683 1094 2755 Quod
1113 2685 1224 2750 diserte

95 2803 183 2884 negat
206 2797 428 2864 Hiruelins.
477 2796 628 2869 Quocirca
657 2803 789 2883 praestat
812 2819 901 2874 sene,
933 2802 964 2861 et
985 2797 1039 2861 illo
1057 2806 1224 2882 praeeunte

94 2915 122 2973 et
142 2911 238 2975 Lud.
264 2909 450 2974 De·Dieu
470 2909 528 2996 (2),
554 2909 814 2997 Michaelida
840 2911 1103 2993 Eichhornio,
1128 2912 1224 2978 Her·
1300 2960 1303 2964 A

95 3023 203 3104 dero,
239 3024 476 3102 Stronckio,
513 3025 761 3106 Umbreitio,
799 3027 1110 3114 Heiligstedtio
1141 3029 1224 3094 aliis·

94 3159 164 3223 que,
199 3162 268 3204 cum
297 3161 329 3204 v.
365 3158 422 3222 epp
453 3162 470 3204 a
500 3140 545 3206 th.
575 3158 633 3206 mo
663 3143 790 3217 ducere,
825 3143 912 3226 cujus
942 3142 983 3205 sit
1021 3140 1223 3208 Praeteritum

94 3251 220 3335 Pihhel,
254 3266 336 3334 tum,
370 3255 506 3338 quamvis
537 3254 785 3320 dissentientibus
807 3276 934 3330 eorum,
967 3275 1044 3338 quos
1066 3255 1219 3332 diximus,

94 3369 262 3448 nonnullis,
292 3371 358 3435 voci
390 3389 444 3456 app
477 3371 658 3435 ordinariam
689 3369 845 3434 vindicare
874 3389 1016 3452 vesperae
1051 3369 1219 3434 notionem.

95 3480 191 3566 Ipsam
215 3482 296 3548 enim
311 3505 328 3547 a
343 3483 410 3548 Deo
432 3484 589 3570 prorogari
612 3505 789 3568 uesperum,
812 3501 901 3564 quam
924 3481 1022 3566 igitur
1043 3480 1133 3568 longe
1153 3503 1221 3568 gra·

94 3597 173 3661 viora
196 3598 288 3662 etiam
311 3620 346 3662 ac
367 3599 469 3684 pejora
490 3600 582 3663 noctis
603 3599 732 3662 instanti
754 3594 882 3681 tempori
905 3594 1059 3674 minitari,
1086 3616 1220 3680 conque·

95 3710 168 3776 n'tur
194 3712 297 3776 miser.
341 3710 432 3783 Quod
459 3717 605 3797 superest,
627 3710 684 3776 hoc
705 3733 775 3775 cum
795 3711 878 3775 dicto
899 3727 1021 3792 :mmo
1043 3731 1103 3773 non
1120 3711 1221 3796 inepte

95 3892 236 3918 ⁹*-

126 4050 162 4114 (1)
182 4052 246 4104 Vid.
265 4052 299 4104 A.
322 4051 536 4119 Heiligstedt‚
562 4022 677 4104 comment.
700 4055 868 4120 pruucmoticus
886 4054 910 4103 iu
927 4051 1031 4117 Jobum,·
1053 4053 1124 4119 Lips.
1145 4058 1219 4104 1847.

96 4139 208 4208 Optimae
227 4147 309 4210 frugis
326 4149 398 4209 liber,
420 4163 497 4214 quem
513 4145 735 4199 commilitonibus
752 4155 781 4197 nt
796 4148 930 4198 consulunt
948 4155 1046 4198 etcum
1068 4148 1221 4198 Hireelio

95 4246 236 4302 comparent
252 4242 358 4291 suadere
375 4242 454 4303 solco,
471 4242 578 4294 alteram
594 4242 669 4293 habat
688 4241 890 4306 inscriptionem:
908 4240 1049 4303 Munrer,
1064 4247 1180 4290 coniuent.
1195 4240 1220 4290 iu

99 4322 126 4377 V.
142 4328 171 4379 T.
190 4329 245 4382 Vol.
261 4331 315 4390 IV,
331 4331 395 4384 Sect.
412 4340 435 4384 l.

126 4425 162 4488 (a)
180 4425 239 4477 out.
255 4425 284 4477 s.
299 4443 324 4492 p.
342 4433 398 4478 roo.
