2782 4958
456 387 497 431 uu
519 385 719 430 aorananmo.
1112 371 1150 433 ll

105 553 168 630 ,ullo
194 581 258 627 non
286 554 370 626 vitae
395 550 482 627 illius
508 569 668 652 tempore,
688 556 888 652 quecunque
905 566 1033 652 poterat
1058 580 1153 629 occa-

105 702 128 766 a,
162 677 346 750 luculenter
378 675 625 750 demonstraret.
678 675 804 749 Eodem
831 677 939 775 potius
966 676 1021 749 illo
1052 677 1153 752 deco-

105 827 124 874 o
159 801 223 873 hic
254 826 329 873 cum
365 800 544 873 Academid
578 799 733 873 aemulari
770 800 878 872 Patria
912 799 1085 874 videbatur
1117 817 1151 873 et

108 923 146 996 ita
163 923 285 995 Civitas
311 922 470 995 universa.
512 925 548 993 ln
575 922 720 997 externis
745 923 828 995 enim
854 923 1021 996 hominum
1040 923 1151 997 docto·

106 1071 214 1146 ,quae
238 1045 329 1118 multi
352 1044 471 1144 cupide
492 1058 667 1144 appetunt,
694 1046 827 1120 honoris
849 1047 1048 1120 ornamentis
1069 1048 1151 1120 haec

105 1171 157 1242 ssme
189 1169 314 1242 censeri
344 1168 510 1247 novimus:
545 1175 745 1268 equestrium
774 1183 810 1244 ut
839 1169 998 1245 Ordinum
1032 1170 1150 1243 distin-

105 1305 161 1366 itur
187 1292 386 1390 insignibus3
412 1305 450 1365 ut
470 1291 502 1364 iu
530 1292 748 1366 nobilissimas
766 1318 916 1393 quasque
937 1295 1054 1368 artium
1074 1294 1151 1368 doc-

105 1441 246 1516 rumque
275 1416 472 1504 societates,
501 1419 603 1515 magis
630 1418 726 1491 etium
757 1432 793 1492 ut
818 1418 850 1491 in
883 1421 975 1518 rapio
1002 1420 1148 1509 illarum,

105 1565 156 1613 rae
183 1540 267 1625 sint,
296 1540 445 1612 Instituta
469 1553 664 1638 coaptentur
686 1541 737 1615 vel
764 1542 963 1641 allegantur;
992 1568 1089 1642 porro
1113 1559 1149 1616 ut

105 1668 122 1736 {s
145 1663 344 1737 aSodalitiis
366 1689 467 1762 opera
491 1688 551 1737 sua
578 1665 933 1766 commentationesque
955 1664 1070 1740 iterum
1091 1667 1149 1740 ite·

105 1812 159 1887 que
181 1786 289 1860 aureis
312 1784 442 1859 videant
464 1786 616 1885 praemiis
636 1802 784 1878 ornatas3
812 1789 942 1862 tandem
964 1805 1001 1864 ut
1019 1790 1060 1863 ad
1079 1792 1149 1864 Re·

106 1967 114 1995 ,
141 1909 343 2009 Principum,
375 1911 565 2007 Magnetum
593 1910 839 1984 familiaritatem
873 1911 1085 1985 admittantur
1109 1937 1148 1984 ae

105 2033 192 2106 lavia.
230 2035 379 2121 Quorum
399 2050 662 2108 ornamentorum
682 2061 784 2109 unum
803 2035 936 2136 aliquod
955 2049 1012 2109 aut
1030 2061 1145 2135 pauca,

105 2169 150 2230 rte
175 2157 277 2246 nacti,
300 2158 420 2231 Croeso
445 2157 593 2248 ditiores,
614 2159 749 2259 antiquo
766 2160 938 2233 Persarum
961 2161 1052 2258 Rege
1069 2159 1149 2233 bea-

105 2307 120 2353 s
154 2305 227 2354 sese
256 2296 411 2379 reputant
440 2281 596 2355 nonnulli.
645 2282 917 2382 Royaardsio
953 2296 1062 2356 autem
1097 2296 1145 2355 tot

105 2418 209 2500 ;erunt
229 2403 387 2501 ejusmodi
406 2403 539 2493 decora,
561 2418 609 2477 tot
631 2406 721 2480 vario
739 2407 771 2477 in
790 2430 909 2504 genere
927 2405 1060 2479 lionoris
1077 2405 1147 2503 sig-

105 2528 230 2617 rtiones,
251 2543 332 2628 quot
353 2532 462 2603 nescio
478 2555 518 2603 an
537 2529 639 2603 nostri
658 2528 780 2603 ordinis
799 2529 978 2620 hominum,
997 2528 1029 2602 in
1047 2529 1147 2602 hacce

105 2676 150 2724 em
174 2651 298 2740 Patria,
320 2650 440 2724 nemini
466 2652 630 2753 cuiquam.
675 2656 744 2727 Nec
765 2667 871 2726 tamen
892 2678 1037 2752 unquam
1061 2652 1147 2726 inani

129 2774 272 2848 animum
294 2774 480 2848 efferentem
501 2801 595 2866 eum,
622 2776 833 2876 quantumvis
854 2775 1069 2865 honoratum,
1097 2801 1148 2848 me

105 2924 137 2972 se
163 2900 301 2973 allirmo.
353 2902 426 2998 Ego
444 2900 545 2988 enim,
569 2900 692 3001 siquid
718 2900 794 2972 novi
820 2901 1000 2974 ornamenti
1025 2900 1075 2973 vel
1094 2899 1149 2974 de

129 3022 161 3094 in
195 3048 269 3096 eum
305 3022 458 3096 collatum
490 3049 561 3097 csse
592 3049 836 3122 compereram,
877 3024 927 3097 vel
957 3050 1066 3096 coram
1098 3024 1147 3096 vel

106 3149 138 3220 tt
158 3147 357 3220 familiariter
382 3146 543 3244 epistelld,
565 3161 601 3220 ut
625 3147 789 3245 Collegam
813 3146 1002 3244 oportebat,
1024 3148 1052 3220 ei
1080 3172 1147 3220 rem

105 3270 174 3344 ilari
195 3297 439 3346 consueveram.
467 3273 546 3361 Sed,
568 3272 657 3346 nullo
680 3295 825 3370 unquam
843 3269 1001 3368 ejusmodi
1019 3270 1148 3368 objecto

107 3396 157 3485 io,
179 3396 308 3468 sublimi
329 3397 492 3494 ferientem
515 3396 622 3469 sidero
646 3397 777 3483 vertice,
804 3408 841 3467 ut
862 3394 963 3466 Poeta
986 3395 1049 3480 ait,
1072 3419 1146 3468 eum

105 3517 154 3609 di,
182 3531 216 3592 et
249 3545 290 3592 ne
326 3521 568 3594 vehementiore
600 3518 732 3619 quidem
767 3515 982 3590 exsultantem
1014 3517 1146 3592 laetitia.

105 3668 154 3740 per
179 3642 263 3715 enim
299 3644 524 3742 gratulationis
551 3643 688 3719 vocibus
720 3667 758 3717 ea
794 3653 1003 3739 reponentem
1040 3641 1146 3731 audii,

123 3763 193 3837 Viri
213 3764 380 3862 sapientis,
401 3790 460 3840 nec
480 3764 644 3838 fastidiose
666 3765 742 3839 talia
761 3762 958 3865 spernentis,
980 3794 1041 3841 nec
1055 3773 1147 3864 justo

108 3887 152 3960 ris
165 3888 321 3977 facientis,
335 3887 556 3961 moderatione
573 3887 671 3986 digna
689 3903 796 3962 esseut
815 3915 854 3962 ac
872 3890 1145 3989 magnanimitate.

105 4036 189 4084 arum
214 4011 273 4084 etsi
292 4013 417 4083 virtutis
433 4011 577 4084 ambrum
598 4037 669 4084 esse
691 4012 849 4101 horrorem,
867 4038 942 4086 raro
966 4026 1029 4086 tam
1052 4014 1147 4089 lucu·

105 4161 127 4224 r,
151 4159 248 4234 quam
268 4135 352 4208 illius
371 4148 459 4207 sorte
479 4160 518 4207 ac
538 4135 613 4224 vill,
632 4134 858 4208 confirmatum
882 4136 1020 4209 vidimus
1036 4163 1147 4211 exem-

108 4256 233 4331 iufmito
247 4257 341 4356 plura
356 4274 463 4331 tamen
476 4257 517 4331 ad
531 4258 740 4332 domesticam
754 4260 825 4357 ejus
835 4258 1031 4332 fundandam
1047 4273 1147 4359 atque

105 4380 198 4455 udam
226 4383 410 4456 felicitatem
437 4383 532 4456 binae
550 4381 775 4470 contulerunt,
797 4406 880 4481 quas
900 4381 1054 4482 deinceps
1071 4409 1148 4456 con·

105 4517 123 4594 t,
146 4506 279 4605 nuptiae
296 4505 520 4580 sanstissimae.
548 4505 635 4579 Anni
656 4507 740 4580 enim
764 4509 860 4585 tota
881 4533 979 4582 verno
1001 4523 1146 4607 tempore

938 4635 960 4696 2
