2782 4958
547 123 598 170 usu
623 124 729 170 aranon.
1142 105 1206 170 213

65 293 207 383 plerique
235 296 407 363 Academiae
433 300 463 360 et
488 295 774 380 lugduno-Batavae
796 297 827 358 et
854 292 1059 379 Groninganae
1091 294 1206 358 Profes-

65 434 170 486 sores,
201 432 330 495 quorum
357 412 419 474 rita
440 408 561 493 quidem
591 409 739 472 terrestris
761 429 817 472 neo
844 429 914 472 vero
937 429 1046 473 nomen
1069 429 1104 471 ae
1127 410 1203 473 lama

64 525 217 589 exstincta
237 529 299 601 est,
325 545 407 588 nuno
430 526 519 587 etiam
546 543 663 586 summo
683 522 751 606 jure
774 520 929 588 celebrata.

112 753 172 818 Sed
196 750 312 834 antiqui
335 771 448 815 memor
470 749 642 834 proverbii:
667 773 705 814 rae
726 757 808 815 ector
826 753 909 816 ultro
934 751 1102 831 crepidam,
1127 751 1202 835 quid

64 865 134 930 aliis
156 866 190 930 in
213 866 358 930 doctrinis
385 863 434 929 rel
457 865 642 948 sequendum
666 866 704 928 sit
726 864 775 929 vel
790 865 989 951 fugiendum,
1007 864 1202 951 peritioribus

60 980 264 1064 judicandum
287 979 458 1062 permittere
480 977 579 1055 malo,
608 999 697 1062 quam
724 975 917 1064 arrogantius
938 981 1064 1044 edicere.
1114 981 1203 1044 Pheo-

64 1095 181 1177 dopa'eoe
213 1093 333 1176 quidem
364 1090 557 1176 disciplinae,
587 1093 647 1157 late
677 1093 806 1178 patentis
835 1093 917 1159 illius
939 1117 972 1158 ao
995 1095 1089 1159 multa
1119 1115 1201 1159 com-

62 1205 192 1291 plexae,
226 1205 441 1270 diversissimae
471 1205 546 1269 milri
577 1211 674 1291 partes
707 1206 820 1272 multos
849 1230 902 1292 per
935 1231 1028 1273 annos
1050 1209 1200 1273 docendae

63 1321 204 1403 bierunt,
218 1342 325 1405 easque
341 1342 401 1385 non
414 1319 605 1386 audientibus
619 1321 727 1402 solum,
742 1323 794 1387 sed
808 1321 985 1387 ereberrime
1001 1322 1038 1387 de
1049 1324 1087 1388 iia
1099 1324 1201 1387 Latine

63 1432 329 1518 colloquentibus,
353 1436 486 1500 centenis
500 1436 609 1501 tradidi
633 1437 797 1502 luvenibus
820 1438 1043 1514 Nederlorzdir‚
1069 1437 1198 1523 permul-

62 1550 104 1614 tis
130 1551 297 1626 Germouc'a,
320 1548 386 1613 aliis
408 1551 480 1615 item
504 1551 614 1614 exteris
632 1572 693 1613 non
717 1551 829 1635 paucis.
871 1553 1016 1627 Quocirca
1039 1552 1086 1616 his
1105 1561 1197 1632 certe,

62 1665 97 1727 in
129 1662 241 1747 quibus
271 1665 350 1730 vitae
375 1663 602 1729 tabernaculum
628 1667 733 1749 posui,
758 1666 867 1729 studiis
896 1665 1090 1731 nobilissimis
1114 1669 1198 1733 valde

63 1779 321 1844 accommodatum
354 1784 443 1863 atque
473 1778 580 1843 utilem
609 1801 642 1842 se
669 1776 744 1841 mihi
776 1776 944 1863 longinquo
969 1778 1107 1863 probasse
1141 1802 1198 1845 usu

61 1894 253 1959 eruditorum
275 1915 462 1980 sermonem,
491 1891 626 1967 homini,
656 1891 691 1955 ad
717 1891 804 1955 stadii
835 1897 943 1956 metam
972 1894 1107 1976 proxime
1134 1894 1197 1979 jam

62 2007 231 2084 accedenti,
255 2008 387 2071 modeste
408 2006 562 2072 testificari
585 2003 696 2069 licebit.
733 2004 796 2069 Nisi
812 2005 888 2070 forte
907 2012 1023 2070 nostros
1042 2007 1097 2071 hos
1116 2010 1196 2093 apud

61 2120 201 2205 aequales
223 2120 300 2184 nihil
321 2120 449 2205 amplius
472 2120 631 2185 diuturnae
654 2120 859 2184 testimonium
875 2119 972 2185 valeat
986 2122 1196 2206 experientiae.

109 2231 169 2296 Sed
192 2232 225 2296 id
247 2233 349 2317 agenti
374 2231 447 2298 mihi
469 2254 568 2297 rerum
595 2232 737 2296 novitatis
760 2231 903 2316 cupidum
927 2234 1096 2318 quempiam
1122 2235 1200 2319 obji-

61 2346 194 2410 cientem
219 2346 310 2409 audio
332 2344 499 2411 lectorem:
548 2374 560 2403 »
573 2346 653 2416 Quid
670 2345 756 2423 est,’'
775 2347 891 2431 inquit,
912 2351 1011 2432 »quod
1028 2351 1194 2434 Plautoque,

60 2460 253 2539 apoatrroaitd
266 2459 510 2537 Nederloudiea‘,
528 2468 670 2526 mortuum
691 2461 823 2545 utiquam
846 2462 1035 2527 institutioni
1053 2466 1195 2530 adhibea-

59 2573 152 2635 »dom
181 2574 360 2638 commendas
383 2573 516 2657 linquam
538 2582 626 2658 atque
656 2573 887 2659 antiquatum?”
933 2577 1054 2641 Adeone
1073 2579 1195 2643 iunceu-

60 2695 145 2750 atum
169 2687 276 2752 iterum
298 2688 459 2772 iterumque
482 2688 563 2752 disee
585 2688 645 2752 tuis
664 2689 793 2763 studiis,
820 2711 858 2752 ue
880 2691 1076 2770 obsolescunt,
1100 2693 1194 2756 vitum

59 2799 307 2879 »impertiendam
330 2824 391 2866 ease
413 2810 500 2886 utque
519 2800 725 2880 inspirandum
747 2799 908 2885 ipuoroa?”
937 2839 977 2852 -
1001 2805 1082 2867 Bona
1105 2806 1194 2872 verba

59 2922 184 2999 quaeso!
232 2916 364 2981 Patrium
397 2916 519 3000 quidem
552 2915 628 2980 tanti
663 2916 748 2978 facio·
775 2937 960 2999 sermonem,
986 2922 1021 2981 nt
1042 2917 1192 3002 plerisque

57 3028 212 3094 hodiernis
249 3051 265 3094 a
298 3032 404 3116 cupid,
442 3029 652 3115 perspicuitate
682 3028 808 3113 aliisque
842 3030 1037 3113 praestantiae
1072 3031 1192 3097 dotibus

56 3142 149 3230 longo
168 3145 390 3228 praeferendum
414 3167 483 3209 eum
506 3145 686 3209 existimem.
726 3146 786 3209 Nec
808 3144 998 3208 mediocriter
1020 3167 1068 3208 me
1091 3145 1190 3211 dolere

56 3259 220 3342 profiteor,
245 3258 299 3324 ubi
329 3261 440 3324 nostris
463 3281 480 3322 a
506 3258 643 3342 civibus,
667 3257 760 3323 libros
782 3257 939 3323 edentibus
962 3265 1014 3324 aut
1032 3262 1190 3337 ¹orationes

56 3370 237 3437 habentibus
258 3373 439 3458 populares,
461 3369 546 3436 nulla
569 3376 695 3457 urgente
715 3372 910 3448 necessitate,
932 3373 1188 3458 Francopallr'cum

54 3485 105 3549 illi
127 3485 324 3551 substitutum
346 3487 445 3551 video.
494 3490 700 3551 Verumtamen
727 3507 816 3549 nemo
836 3485 922 3550 facile
948 3489 1005 3552 erit
1028 3489 1081 3571 qui
1108 3511 1188 3552 nun·
1256 3565 1258 3570 ,

54 3621 145 3683 quam
167 3621 225 3664 nec
247 3599 310 3664 ullo
328 3599 396 3665 loeo
422 3599 458 3665 ab
480 3601 546 3684 ejus
569 3623 625 3665 usu
647 3599 734 3664 nobis
756 3600 956 3665 recedendum
978 3623 1039 3666 esse
1061 3608 1187 3666 conten·

56 3714 119 3778 dat.
168 3714 258 3790 Quod
276 3715 372 3800 igitur
405 3715 431 3777 si
456 3736 589 3798 unquam
627 3720 678 3778 aut
713 3734 836 3797 usquam
870 3715 965 3778 facere
992 3713 1064 3779 licet
1097 3721 1186 3800 atque

54 3828 195 3914 expedit,
217 3834 254 3893 ut
272 3829 492 3916 Theologorum
514 3830 567 3894 fiat
585 3831 617 3893 in
641 3829 797 3893 auditoriis
820 3830 1009 3914 gravissimae
1024 3836 1095 3894 sunt
1109 3853 1185 3915 quae

52 3943 198 4009 suadeant
220 3945 361 4010 rationes.
386 3983 429 3993 -
453 3948 653 4009 Romanorum
675 3949 774 4008 autern
790 3941 926 4028 linguam
946 3946 1027 4028 quod
1045 3949 1185 4032 autiqua-

55 4067 117 4123 tom
140 4065 262 4137 vocant;
288 4063 389 4124 nostra
411 4059 468 4124 lule
494 4082 531 4124 ex
560 4059 697 4124 doctrina
724 4059 749 4122 si
772 4059 847 4122 forte
873 4060 974 4124 omnia
1006 4065 1184 4128 removenda

54 4174 135 4251 sint,
156 4196 237 4269 quae
255 4178 448 4259 antiquorum
473 4174 559 4240 nobis
581 4173 760 4260 populorum
789 4195 884 4238 moros
905 4173 1043 4260 legesque
1063 4177 1096 4240 in
1119 4200 1184 4242 me·
