2782 4958
591 390 752 434 censeare.
1171 374 1234 436 145

109 563 257 640 monos,
279 556 382 620 eodem
397 560 524 639 uterque
548 578 626 620 anno
652 560 760 633 rssr;
780 594 821 604 η
837 559 869 621 in
890 560 943 643 Ep.
965 560 1007 622 ad
1023 560 1179 638 Ephesios,
1203 582 1232 624 a.

117 675 183 738 853
209 673 265 755 (l).
315 672 380 745 Quo
404 671 441 734 de
463 672 561 756 operis
582 692 724 735 successu
747 677 835 755 atque
858 671 971 736 honore
993 679 1039 737 est
1060 695 1128 737 sane
1152 674 1233 757 quod

108 807 240 850 aerarum
257 786 435 850 Litterarum
454 787 557 848 caussa
573 782 728 852 laetemur.
762 785 943 849 Emendator
961 787 1041 851 enim
1061 792 1150 870 atque
1164 811 1232 852 aue·

108 902 258 964 oritarum
277 901 446 983 iterumque
465 901 644 984 posteriores
661 920 797 982 quaeque
815 921 878 963 sese
896 902 1075 984 profitentur
1087 901 1233 967 editiones

108 1017 181 1097 tque
203 1035 306 1078 earum
328 1014 533 1098 praefationes.
578 1014 673 1089 Quam
696 1035 794 1080 veram
818 1036 879 1078 esse
902 1015 1115 1099 professionem
1138 1037 1231 1100 quum

108 1129 198 1191 ¹assim
225 1129 328 1192 testati
355 1133 427 1192 sunt
449 1126 593 1192 librorum
619 1129 771 1204 Censores,
796 1132 862 1192 turm
889 1130 1089 1213 posteriorum
1111 1129 1231 1196 illarum

108 1262 161 1306 um
183 1242 335 1328 prioribus
358 1219 479 1306 collatio
504 1243 673 1306 confirmat.
694 1276 734 1288 —-
753 1244 906 1307 Caeterum
927 1243 1041 1320 eadem,
1064 1265 1138 1327 quae
1157 1243 1230 1309 olim

107 1361 164 1433 rat,
189 1359 382 1421 nuncetiam
404 1362 506 1420 manet
526 1358 633 1439 suique
656 1355 761 1419 similis
790 1355 1025 1441 deprehenditur
1047 1359 1230 1442 Meyeria·

107 1492 163 1534 rae
184 1475 349 1557 Exegeseos
364 1471 549 1536 informatio.
588 1469 725 1555 Singulis
744 1471 777 1533 in
797 1472 1031 1555 interpretandis
1049 1471 1174 1537 vocibus
1197 1495 1230 1538 ae

107 1585 295 1652 orationibus
321 1590 404 1649 totus
431 1590 476 1649 est
499 1590 664 1671 regnatque
687 1606 744 1649 nee
769 1607 836 1649 raro
858 1591 919 1650 tam
942 1592 1097 1670 accurate,
1121 1588 1228 1672 doete,

107 1699 242 1764 ubtiliter
263 1705 413 1772 versatur,
446 1705 483 1764 ut
505 1722 567 1763 non
589 1700 684 1784 possit
707 1721 767 1764 non
794 1700 1031 1786 intelligentium
1055 1705 1229 1785 quorumvis

106 1814 220 1879 aleulos
241 1815 319 1879 ferre
341 1814 500 1878 laetorum.
534 1815 690 1879 Universae
715 1837 740 1879 s.
767 1815 930 1879 ductorum
950 1818 1112 1880 sententias
1128 1816 1229 1902 paullo

106 1931 275 2013 sequentius
297 1950 391 2008 nune,
417 1950 506 2012 qnam
529 1927 565 1993 ab
588 1930 678 1993 initio
701 1929 828 2012 fecerat,
862 1929 1009 2014 explieat,
1043 1952 1099 1994 nee
1123 1931 1226 1996 elidem

106 2063 202 2120 amen,
228 2046 288 2128 qud
311 2045 448 2108 minimas
470 2064 602 2128 quasque
624 2045 768 2108 orationis
786 2041 956 2128 particulas,
978 2045 1050 2107 surb
1069 2046 1226 2128 prosequi·

106 2174 154 2223 ur.
201 2161 298 2240 Atque
322 2156 484 2241 optandum
507 2159 604 2222 fuerat
626 2163 680 2234 ut,
710 2179 800 2240 quam
822 2157 938 2221 assidue
960 2162 991 2222 et
1013 2179 1102 2240 quam
1125 2157 1226 2224 lauda·

105 2270 190 2336 »iliter
214 2272 460 2352 Grammaticos,
491 2277 553 2335 tam
578 2270 740 2356 diligenter
762 2276 907 2347 caeteras,
940 2292 1067 2354 qnamm
1090 2271 1156 2336 luce
1179 2275 1225 2337 in·

105 2387 262 2470 erpretatio
285 2406 383 2449 carere
406 2385 532 2467 nequit,
562 2384 627 2469 ejus
649 2387 682 2449 in
705 2385 852 2450 auxilium
876 2386 1049 2450 advootsset
1073 2386 1223 2452 doctrinas

105 2501 253 2565 ristorieas.
302 2502 344 2564 Aa
366 2500 521 2584 postremis
543 2501 633 2564 etiam
656 2499 758 2563 bisin
781 2498 976 2577 editionibus,
1002 2502 1138 2583 quamvis
1161 2524 1222 2567 non

104 2616 192 2680 ariter
222 2612 384 2678 emendatis
412 2612 492 2689 illis,
525 2613 606 2677 locos
635 2612 763 2677 subinde
793 2611 1011 2697 deprehendere
1040 2613 1117 2678 mibi
1139 2616 1222 2680 visus

104 2747 166 2804 um,
191 2749 320 2811 quorum
342 2727 459 2813 singula
480 2749 614 2811 quaeque
634 2726 724 2792 verba
741 2749 879 2811 premens
899 2733 988 2812 atque
1009 2750 1120 2815 urgens
1138 2753 1223 2815 prae·

104 2845 287 2909 lautissimus
312 2845 475 2927 loterpres‚
510 2844 658 2928 integram
691 2844 870 2907 sententiam
893 2843 994 2909 minus
1016 2850 1152 2910 aeourate
1175 2846 1223 2910 da·

103 2958 234 3024 lmdsset.
1050 3025 1054 3032 ,

125 3077 286 3158 Nunquam
315 3074 501 3157 frequentius
531 3074 563 3138 id
594 3075 623 3136 ei
651 3072 779 3150 accidit,
813 3092 902 3153 quam
929 3070 983 3136 ubi
1005 3071 1151 3155 adjectiva
1173 3070 1221 3136 vel

103 3187 224 3254 lverbia
245 3187 294 3253 vel
316 3188 389 3252 aliae
411 3192 567 3274 ponuntur
589 3187 733 3251 orationis
756 3190 864 3270 partes,
893 3206 967 3268 quae
982 3208 1073 3268 penus
1096 3185 1219 3268 aliquod

103 3302 129 3366 al
153 3300 395 3386 complectuntur
417 3300 466 3366 vel
488 3300 673 3381 excludunt,
698 3299 794 3364 veluti
817 3309 900 3381 πᾶς,
927 3300 1055 3382 οὐδείς,
1087 3299 1215 3386 μηδείς,

103 3427 225 3487 aaron
248 3423 337 3500 atque
359 3415 432 3481 aliae
453 3415 573 3480 multae.
607 3418 650 3479 Ex
672 3414 811 3480 familiari
834 3413 915 3477 enim
937 3411 1053 3477 nullius
1077 3434 1137 3477 oon
1159 3411 1217 3476 lin-

103 3553 159 3595 uae
181 3530 418 3606 consuetudine,
447 3529 563 3615 saepius
594 3527 666 3592 haee
694 3529 852 3593 indefinite
883 3528 1022 3612 usurpari
1045 3532 1162 3591 constat
1183 3550 1217 3591 ae

102 3645 182 3707 rinus
199 3641 364 3707 subtiliter.
395 3643 486 3727 Cujus
502 3644 546 3706 rei
565 3664 661 3706 unum
679 3641 850 3727 exemplum
866 3644 965 3706 afferre
982 3642 1069 3726 jurat
1089 3642 1217 3710 maxima

102 3755 284 3821 temerabile.
331 3758 473 3821 Narrante
495 3755 589 3839 Ιηιοιί,
614 3761 699 3822 Arae.
725 3761 807 3837 App.
836 3757 908 3836 Cap.
935 3757 970 3833 ΙΙ,
1000 3763 1070 3821 sset.
1097 3757 1153 3837 ll,
1179 3755 1215 3821 ab

102 3871 170 3936 ritio
194 3869 354 3935 Christiani
377 3868 464 3958 εἶχον
491 3876 626 3941 ἅπαντα
651 3879 757 3940 κοινά.
804 3871 835 3935 ld
858 3872 894 3936 de
914 3873 1012 3950 planat
1037 3873 1217 3955 Meyerus

102 4068 232 4078 .-.--

114 4210 152 4272 (1)
171 4208 263 4259 Iterum
275 4208 337 4259 ibid.
350 4210 431 4260 editus
449 4217 503 4260 erat
520 4224 612 4261 comm.
632 4210 659 4259 in
680 4207 810 4260 lOorintd.
824 4222 846 4258 a.
862 4213 942 4266 18493
961 4209 1062 4273 priorum
1074 4208 1101 4257 in
1118 4206 1169 4272 Ep.
1180 4207 1214 4257 od

101 4301 191 4368 'lilipp
209 4318 232 4352 a.
254 4304 334 4360 18473
354 4304 380 4352 in
399 4301 451 4368 Ep.
463 4302 497 4353 ad
513 4301 602 4353 Coloss.
620 4310 646 4354 at
660 4303 695 4353 ad
713 4300 845 4353 Philome.
862 4307 933 4351 lars.
944 4327 975 4337 -
995 4299 1212 4351 Commentarium

101 4411 107 4446 r
124 4393 259 4454 denariam,
276 4411 299 4445 a.
320 4400 385 4445 1852
403 4397 495 4446 iterum
513 4397 626 4457 editum,
644 4397 787 4462 propediem
803 4393 893 4445 tertium
911 4379 1040 4445 exiturum
1067 4408 1122 4444 asse
1144 4407 1212 4444 com·

100 4489 132 4540 eri
142 4508 148 4548 ;
167 4488 261 4554 quippe
279 4489 323 4554 qui
341 4489 411 4554 prelo
425 4489 479 4553 jam
497 4490 529 4542 sit
546 4489 683 4553 subjectus.

1032 4582 1071 4644 10
