2782 4958
128 317 191 382 110
401 334 570 379 aaavroara
593 335 633 379 na
657 335 760 380 arcuo
782 335 982 381 attemerare.

127 504 355 588 repraesentant
375 500 532 586 epistolae,
557 499 639 585 quod
660 501 785 567 omnino
807 500 905 567 iacere
927 501 1082 578 videntur,
1113 523 1177 570 non
1199 526 1261 573 raro

130 639 203 703 erga
224 615 408 702 Theologiae
429 615 600 694 Stodioeoe‚
624 615 785 683 honoraria
807 616 867 682 eibi
889 615 1045 695 debentee,
1061 615 1221 685 liberalem
1233 643 1263 685 ee

121 732 316 798 ,demonstrat
336 751 397 795 non
420 730 505 795 divae
527 731 604 815 ipee3
622 767 663 779 —-
687 751 760 816 erga
781 750 906 796 uxorem
929 729 1101 816 liberosque
1123 735 1264 799 maritum

130 866 165 911 ae
186 843 431 937 patremfamilias
453 849 601 908 amantem
631 843 850 929 providumque
873 843 935 930 (l);
965 866 1038 930 erga
1063 847 1196 930 patriam
1217 846 1265 913 bo

127 982 203 1027 num
234 960 343 1036 civem,
372 958 467 1044 jurii,
498 959 580 1044 quod
607 957 667 1023 eibi
696 959 819 1045 quidem
848 957 1024 1037 videbator,
1055 964 1149 1044 atqrm
1178 961 1266 1045 aequi

33 1104 37 1110 ’
126 1081 277 1142 tenacem.
324 1073 483 1140 Gaudente
504 1092 576 1138 cnm
599 1074 710 1138 Amico
732 1074 858 1158 gaudet,
891 1094 963 1138 enm
992 1072 1130 1158 plorante
1154 1073 1264 1158 plorat

128 1189 222 1264 Quod
240 1211 313 1256 vero
335 1209 406 1274 prae
428 1188 555 1252 caeteris
576 1209 626 1252 me
639 1187 763 1271 quidem
785 1186 970 1263 advertebat
987 1187 1074 1253 valde
1096 1187 1266 1254 modaenn

45 1386 52 1392 ἱ
127 1303 284 1370 Familiari
322 1325 389 1366 oeae
419 1303 606 1367 demonetrat
636 1302 760 1367 maximi
794 1302 854 1367 Vir
883 1302 1002 1388 ingenii
1036 1302 1264 1388 doctrinaeque.

129 1416 207 1494 Qui,
241 1416 429 1504 theologicae
447 1417 510 1501 jam
532 1415 692 1482 cathedrae
720 1417 892 1502 impositae,
924 1417 1097 1502 nuperrime
1126 1417 1190 1483 eibi
1210 1439 1267 1483 nee

128 1530 216 1627 valde
238 1530 404 1596 adamatam
431 1530 527 1596 iuieee
548 1551 606 1596 nee
626 1528 720 1616 proba
741 1531 897 1617 cognitam
925 1531 1109 1616 Theologiae
1130 1530 1267 1598 Littera·

128 1648 230 1712 turam
252 1644 386 1730 ingenae
406 1645 530 1710 fatetur.
575 1647 679 1728 Atque
701 1645 804 1710 eadem
825 1645 922 1730 ipsine
944 1650 1071 1730 ¹apparet
1098 1646 1264 1723 modoetia,

127 1758 184 1828 abi
214 1779 324 1844 magno
354 1757 413 1824 eibi
441 1757 545 1824 labore
579 1761 864 1825 commentationem
895 1765 1034 1825 constare
1063 1759 1262 1839 Scholarom,

127 1893 206 1959 quae
229 1871 383 1937 habendae
405 1876 503 1950 erant,
528 1873 764 1939 academiearnm
786 1875 900 1939 iterum
926 1874 1099 1957 iterumque
1121 1873 1263 1952 affirmat.

129 2009 166 2054 ac
188 1988 236 2054 vel
265 1989 309 2053 eie
331 1994 433 2054 tamen
462 2009 524 2054 non
552 2009 622 2055 raro
650 2011 754 2056 earum
784 1990 843 2056 eibi
874 1991 1022 2055 rationem
1044 1988 1209 2074 dieplioera
1231 2011 1265 2054 ae

130 2102 399 2169 conformationem
421 2105 632 2190 conqueritur.

175 2216 260 2289 Quid
282 2217 399 2283 multat
434 2217 516 2284 Mihi
546 2218 674 2284 eiforte
703 2216 1071 2283 Sehleiermeeheri
1104 2215 1264 2283 scribenda

30 2345 32 2349 ’
130 2331 209 2396 foret
230 2331 375 2412 laudatio,
400 2331 449 2396 hia
471 2354 510 2399 ex
532 2332 667 2418 epistolia
687 2331 801 2417 plures,
826 2352 917 2416 quam
940 2353 977 2396 ex
1000 2330 1052 2406 iia,
1075 2350 1152 2415 quaa
1173 2350 1264 2416 cupre

128 2447 371 2522 memoravimus,
397 2448 435 2512 da
456 2447 605 2532 ecliptone
635 2445 846 2523 Orouoeibae,
877 2446 961 2511 locoe
983 2444 1124 2529 dieucum
1145 2445 1264 2512 Aucto·

127 2561 173 2627 rie
194 2561 228 2626 in
251 2560 396 2626 honorem
418 2559 570 2624 afferenda
592 2564 731 2645 putarem
755 2558 815 2646 (t).

164 2859 202 2922 (1)
220 2858 262 2910 De
278 2860 381 2920 illicito,
398 2874 449 2926 quo
466 2861 601 2924 aliquando
618 2860 645 2911 in
661 2860 771 2912 alienam
787 2874 905 2919 uxorem,
924 2858 1094 2919 Eleonoram,
1121 2856 1261 2917 ferebatur,

124 2940 217 3003 ‘ramore
238 2959 343 3016 quaeat
362 2952 472 3004 Editorie
486 2953 608 3018 prologus
626 2959 651 3004 et
673 2953 753 3019 ipeiue
769 2953 892 3019 epistolae
909 2958 1028 3013 canant,
1046 2951 1109 3002 haee
1125 2951 1158 3001 ad
1175 2948 1264 3015 priore

126 3042 199 3095 illine
215 3045 342 3110 pertinent
357 3052 481 3110 tempora.
517 3044 568 3096 Sed
581 3045 691 3098 ornan
707 3061 738 3098 ea
753 3046 839 3099 delere
854 3045 1025 3112 mentiturae

162 3138 202 3201 (2)
220 3139 292 3190 Nihil
309 3155 325 3190 a
341 3154 470 3205 quoquam
487 3140 520 3190 de
537 3139 723 3193 Sahlaierm.
738 3139 835 3204 maiore
846 3138 974 3204 elegante
986 3138 1110 3203 neptam
1120 3141 1169 3196 eat.
1184 3149 1264 3199 qaam

126 3229 244 3287 Ltekii
268 3232 390 3294 laudatio,
416 3234 517 3299 prodita
533 3233 561 3285 in
578 3232 760 3298 Ephemaride:
785 3231 884 3285 Studien
900 3248 925 3283 u.
942 3229 1065 3292 Krite‘kea,
1091 3228 1170 3280 Tom.
1197 3227 1263 3279 VII.

39 3388 40 3392 Ἰ
128 3326 218 3393 (1834)
236 3341 263 3391 p.
283 3328 331 3378 745
351 3340 407 3392 sqq,
442 3324 484 3376 Ex
502 3326 576 3392 eujus
593 3328 748 3385 narratione,
767 3325 1067 3391 appropinquanteeerte
1084 3321 1261 3380 montebert,

126 3434 179 3473 uon
204 3420 314 3485 amplias
336 3434 370 3469 ex
393 3417 487 3471 Mundi
510 3419 604 3471 infiniti
627 3418 747 3483 religioet
770 3418 938 3468 admiratione
962 3415 1041 3466 enimi
1058 3410 1264 3465 consolationem

125 3510 240 3563 handeec
258 3508 352 3562 Virum
369 3511 545 3564 coadmimnm
562 3517 676 3577 apparet,
702 3510 746 3560 aed
763 3509 848 3574 potine
865 3522 899 3561 cx
916 3504 1015 3567 mera,
1040 3504 1133 3557 Mundi
1156 3511 1265 3570 paoem

126 3606 262 3673 exponen
279 3605 378 3657 meae·
394 3604 511 3657 nenia.
