<?xml version="1.0" encoding="UTF-8"?>
<!DOCTYPE html PUBLIC "-//W3C//DTD XHTML 1.0 Transitional//EN"
    "http://www.w3.org/TR/xhtml1/DTD/xhtml1-transitional.dtd">
<html xmlns="http://www.w3.org/1999/xhtml" xml:lang="en" lang="en">
 <head>
  <title>
</title>
<meta http-equiv="Content-Type" content="text/html;charset=utf-8" />
  <meta name='ocr-system' content='tesseract 3.04.00' />
  <meta name='ocr-capabilities' content='ocr_page ocr_carea ocr_par ocr_line ocrx_word'/>
</head>
<body>
  <div class='ocr_page' id='page_1' title='image "./chartaetheologi00boumgoog_0366.png"; bbox 0 0 2782 4958; ppageno 0'>
   <div class='ocr_carea' id='block_1_1' title="bbox 614 341 1257 405">
    <p class='ocr_par' dir='ltr' id='par_1_1' title="bbox 614 341 1257 405">
     <span class='ocr_line' id='line_1_1' title="bbox 614 341 1257 405; baseline -0.002 -12"><span class='ocrx_word' id='word_1_1' title='bbox 614 352 776 397; x_wconf 73' lang='lat' dir='ltr'>onustare.</span> <span class='ocrx_word' id='word_1_2' title='bbox 1195 341 1257 405; x_wconf 76' lang='lat'>155</span> 
     </span>
    </p>
   </div>
   <div class='ocr_carea' id='block_1_2' title="bbox 120 515 1311 4152">
    <p class='ocr_par' dir='ltr' id='par_1_2' title="bbox 120 515 1311 1864">
     <span class='ocr_line' id='line_1_2' title="bbox 121 515 1260 602; baseline 0.011 -21"><span class='ocrx_word' id='word_1_3' title='bbox 121 516 224 581; x_wconf 88' lang='lat' dir='ltr'>dimus</span> <span class='ocrx_word' id='word_1_4' title='bbox 246 515 423 582; x_wconf 81' lang='lat' dir='ltr'>lucidiorem</span> <span class='ocrx_word' id='word_1_5' title='bbox 445 516 527 582; x_wconf 91' lang='lat' dir='ltr'>huuc</span> <span class='ocrx_word' id='word_1_6' title='bbox 549 517 774 602; x_wconf 80' lang='lat' dir='ltr'>brevioremque</span> <span class='ocrx_word' id='word_1_7' title='bbox 797 521 1042 586; x_wconf 87' lang='lat' dir='ltr'>Liinemanni</span> <span class='ocrx_word' id='word_1_8' title='bbox 1066 524 1190 593; x_wconf 88' lang='lat' dir='ltr'>librum.</span> <span class='ocrx_word' id='word_1_9' title='bbox 1217 546 1260 580; x_wconf 50' lang='grc' dir='ltr'>νε</span> 
     </span>
     <span class='ocr_line' id='line_1_3' title="bbox 124 631 1262 722; baseline 0.011 -28"><span class='ocrx_word' id='word_1_10' title='bbox 124 634 215 709; x_wconf 84' lang='lat' dir='ltr'>Tum,</span> <span class='ocrx_word' id='word_1_11' title='bbox 239 632 396 716; x_wconf 79' lang='lat' dir='ltr'>postremis</span> <span class='ocrx_word' id='word_1_12' title='bbox 420 631 466 698; x_wconf 87' lang='lat' dir='ltr'>hia</span> <span class='ocrx_word' id='word_1_13' title='bbox 489 635 587 714; x_wconf 86' lang='lat' dir='ltr'>annis,</span> <span class='ocrx_word' id='word_1_14' title='bbox 612 632 771 697; x_wconf 89' lang='lat' dir='ltr'>Bleekii</span> <span class='ocrx_word' id='word_1_15' title='bbox 794 641 863 719; x_wconf 93' lang='lat' dir='ltr'>post</span> <span class='ocrx_word' id='word_1_16' title='bbox 885 635 1000 703; x_wconf 88' lang='lat' dir='ltr'>editum</span> <span class='ocrx_word' id='word_1_17' title='bbox 1023 659 1118 722; x_wconf 88' lang='lat' dir='ltr'>opus,</span> <span class='ocrx_word' id='word_1_18' title='bbox 1145 640 1181 703; x_wconf 89' lang='lat' dir='ltr'>de</span> <span class='ocrx_word' id='word_1_19' title='bbox 1204 639 1262 706; x_wconf 76' lang='lat' dir='ltr'>hdo</span> 
     </span>
     <span class='ocr_line' id='line_1_4' title="bbox 123 744 1262 837; baseline 0.009 -28"><span class='ocrx_word' id='word_1_20' title='bbox 123 745 303 830; x_wconf 84' lang='lat' dir='ltr'>singulatim</span> <span class='ocrx_word' id='word_1_21' title='bbox 325 744 459 831; x_wconf 77' lang='lat' dir='ltr'>Epistola</span> <span class='ocrx_word' id='word_1_22' title='bbox 481 744 594 810; x_wconf 85' lang='lat' dir='ltr'>multae</span> <span class='ocrx_word' id='word_1_23' title='bbox 622 747 758 831; x_wconf 86' lang='lat' dir='ltr'>proditae</span> <span class='ocrx_word' id='word_1_24' title='bbox 781 753 853 812; x_wconf 86' lang='lat' dir='ltr'>sunt</span> <span class='ocrx_word' id='word_1_25' title='bbox 874 747 1062 833; x_wconf 79' lang='lat' dir='ltr'>subtilesque</span> <span class='ocrx_word' id='word_1_26' title='bbox 1084 753 1262 837; x_wconf 85' lang='lat' dir='ltr'>disputatio·</span> 
     </span>
     <span class='ocr_line' id='line_1_5' title="bbox 124 859 1262 951; baseline 0.007 -28"><span class='ocrx_word' id='word_1_27' title='bbox 124 880 193 941; x_wconf 87' lang='lat' dir='ltr'>nes,</span> <span class='ocrx_word' id='word_1_28' title='bbox 218 881 292 944; x_wconf 89' lang='lat' dir='ltr'>quas</span> <span class='ocrx_word' id='word_1_29' title='bbox 315 861 404 925; x_wconf 78' lang='lat' dir='ltr'>illum</span> <span class='ocrx_word' id='word_1_30' title='bbox 427 859 557 925; x_wconf 88' lang='lat' dir='ltr'>breviter</span> <span class='ocrx_word' id='word_1_31' title='bbox 576 865 791 925; x_wconf 81' lang='lat' dir='ltr'>memorantem</span> <span class='ocrx_word' id='word_1_32' title='bbox 814 860 916 925; x_wconf 88' lang='lat' dir='ltr'>audire</span> <span class='ocrx_word' id='word_1_33' title='bbox 938 867 1029 948; x_wconf 86' lang='lat' dir='ltr'>atque</span> <span class='ocrx_word' id='word_1_34' title='bbox 1053 871 1189 930; x_wconf 90' lang='lat' dir='ltr'>accurate</span> <span class='ocrx_word' id='word_1_35' title='bbox 1209 867 1262 951; x_wconf 88' lang='lat' dir='ltr'>ju·</span> 
     </span>
     <span class='ocr_line' id='line_1_6' title="bbox 125 973 1262 1060; baseline 0.006 -23"><span class='ocrx_word' id='word_1_36' title='bbox 125 974 277 1039; x_wconf 89' lang='lat' dir='ltr'>dicantem</span> <span class='ocrx_word' id='word_1_37' title='bbox 301 997 407 1060; x_wconf 84' lang='lat' dir='ltr'>operae</span> <span class='ocrx_word' id='word_1_38' title='bbox 430 976 561 1060; x_wconf 88' lang='lat' dir='ltr'>pretinm</span> <span class='ocrx_word' id='word_1_39' title='bbox 584 979 641 1038; x_wconf 89' lang='lat' dir='ltr'>est.</span> <span class='ocrx_word' id='word_1_40' title='bbox 690 973 831 1050; x_wconf 83' lang='lat' dir='ltr'>Tandem,</span> <span class='ocrx_word' id='word_1_41' title='bbox 858 975 938 1059; x_wconf 91' lang='lat' dir='ltr'>quod</span> <span class='ocrx_word' id='word_1_42' title='bbox 962 977 1086 1042; x_wconf 89' lang='lat' dir='ltr'>minime</span> <span class='ocrx_word' id='word_1_43' title='bbox 1109 983 1155 1043; x_wconf 87' lang='lat' dir='ltr'>est</span> <span class='ocrx_word' id='word_1_44' title='bbox 1176 978 1262 1044; x_wconf 87' lang='lat' dir='ltr'>dissi-</span> 
     </span>
     <span class='ocr_line' id='line_1_7' title="bbox 124 1086 1311 1179; baseline 0.004 -27"><span class='ocrx_word' id='word_1_45' title='bbox 124 1087 314 1168; x_wconf 88' lang='lat' dir='ltr'>mulandum,</span> <span class='ocrx_word' id='word_1_46' title='bbox 339 1110 401 1152; x_wconf 90' lang='lat' dir='ltr'>uon</span> <span class='ocrx_word' id='word_1_47' title='bbox 425 1089 513 1173; x_wconf 89' lang='lat' dir='ltr'>pauci</span> <span class='ocrx_word' id='word_1_48' title='bbox 536 1093 607 1154; x_wconf 89' lang='lat' dir='ltr'>sunt</span> <span class='ocrx_word' id='word_1_49' title='bbox 630 1086 708 1165; x_wconf 89' lang='lat' dir='ltr'>loci,</span> <span class='ocrx_word' id='word_1_50' title='bbox 735 1109 810 1172; x_wconf 86' lang='lat' dir='ltr'>quos</span> <span class='ocrx_word' id='word_1_51' title='bbox 833 1088 951 1169; x_wconf 86' lang='lat' dir='ltr'>melius,</span> <span class='ocrx_word' id='word_1_52' title='bbox 979 1112 1068 1174; x_wconf 90' lang='lat' dir='ltr'>quam</span> <span class='ocrx_word' id='word_1_53' title='bbox 1091 1093 1261 1179; x_wconf 69' lang='lat' dir='ltr'>theologus</span> <span class='ocrx_word' id='word_1_54' title='bbox 1310 1154 1311 1157; x_wconf 74' lang='grc'>,</span> 
     </span>
     <span class='ocr_line' id='line_1_8' title="bbox 123 1202 1262 1294; baseline 0.005 -26"><span class='ocrx_word' id='word_1_55' title='bbox 123 1202 238 1268; x_wconf 86' lang='lat' dir='ltr'>fecerat</span> <span class='ocrx_word' id='word_1_56' title='bbox 259 1203 426 1267; x_wconf 87' lang='lat' dir='ltr'>Bonnensis</span> <span class='ocrx_word' id='word_1_57' title='bbox 448 1203 547 1286; x_wconf 84' lang='lat' dir='ltr'>(cujus</span> <span class='ocrx_word' id='word_1_58' title='bbox 571 1203 635 1287; x_wconf 89' lang='lat' dir='ltr'>ipse</span> <span class='ocrx_word' id='word_1_59' title='bbox 665 1202 771 1267; x_wconf 86' lang='lat' dir='ltr'>merita</span> <span class='ocrx_word' id='word_1_60' title='bbox 793 1208 881 1286; x_wconf 86' lang='lat' dir='ltr'>atque</span> <span class='ocrx_word' id='word_1_61' title='bbox 904 1204 1001 1268; x_wconf 86' lang='lat' dir='ltr'>officia</span> <span class='ocrx_word' id='word_1_62' title='bbox 1032 1206 1165 1272; x_wconf 86' lang='lat' dir='ltr'>modesto</span> <span class='ocrx_word' id='word_1_63' title='bbox 1186 1229 1262 1294; x_wconf 82' lang='lat' dir='ltr'>gra·</span> 
     </span>
     <span class='ocr_line' id='line_1_9' title="bbox 123 1315 1263 1404; baseline 0.004 -23"><span class='ocrx_word' id='word_1_64' title='bbox 123 1323 219 1401; x_wconf 84' lang='lat' dir='ltr'>toque</span> <span class='ocrx_word' id='word_1_65' title='bbox 243 1315 344 1382; x_wconf 86' lang='lat' dir='ltr'>laudat</span> <span class='ocrx_word' id='word_1_66' title='bbox 366 1318 501 1402; x_wconf 84' lang='lat' dir='ltr'>animo),</span> <span class='ocrx_word' id='word_1_67' title='bbox 526 1317 748 1382; x_wconf 86' lang='lat' dir='ltr'>recentissimus</span> <span class='ocrx_word' id='word_1_68' title='bbox 771 1318 937 1402; x_wconf 85' lang='lat' dir='ltr'>expediisse</span> <span class='ocrx_word' id='word_1_69' title='bbox 962 1318 1115 1397; x_wconf 87' lang='lat' dir='ltr'>videatur,</span> <span class='ocrx_word' id='word_1_70' title='bbox 1140 1321 1263 1404; x_wconf 90' lang='lat' dir='ltr'>dequo</span> 
     </span>
     <span class='ocr_line' id='line_1_10' title="bbox 124 1431 1262 1518; baseline 0.004 -23"><span class='ocrx_word' id='word_1_71' title='bbox 124 1433 263 1518; x_wconf 84' lang='lat' dir='ltr'>agimus,</span> <span class='ocrx_word' id='word_1_72' title='bbox 288 1435 447 1516; x_wconf 83' lang='lat' dir='ltr'>Interpres.</span> <span class='ocrx_word' id='word_1_73' title='bbox 497 1431 583 1507; x_wconf 85' lang='lat' dir='ltr'>Quod</span> <span class='ocrx_word' id='word_1_74' title='bbox 616 1438 653 1496; x_wconf 86' lang='lat' dir='ltr'>ut</span> <span class='ocrx_word' id='word_1_75' title='bbox 685 1432 906 1515; x_wconf 89' lang='lat' dir='ltr'>quodammodo</span> <span class='ocrx_word' id='word_1_76' title='bbox 938 1439 1017 1498; x_wconf 89' lang='lat' dir='ltr'>certe</span> <span class='ocrx_word' id='word_1_77' title='bbox 1051 1434 1262 1518; x_wconf 86' lang='lat' dir='ltr'>comprobetur</span> 
     </span>
     <span class='ocr_line' id='line_1_11' title="bbox 120 1546 1263 1634; baseline 0.004 -23"><span class='ocrx_word' id='word_1_78' title='bbox 120 1547 293 1632; x_wconf 81' lang='lat' dir='ltr'>judicium,</span> <span class='ocrx_word' id='word_1_79' title='bbox 317 1546 494 1616; x_wconf 69' lang='lat' dir='ltr'>brevissimi</span> <span class='ocrx_word' id='word_1_80' title='bbox 522 1548 678 1613; x_wconf 89' lang='lat' dir='ltr'>notatione</span> <span class='ocrx_word' id='word_1_81' title='bbox 705 1567 799 1631; x_wconf 88' lang='lat' dir='ltr'>pauca</span> <span class='ocrx_word' id='word_1_82' title='bbox 827 1547 972 1631; x_wconf 90' lang='lat' dir='ltr'>quaedam</span> <span class='ocrx_word' id='word_1_83' title='bbox 995 1569 1146 1615; x_wconf 85' lang='lat' dir='ltr'>recensere</span> <span class='ocrx_word' id='word_1_84' title='bbox 1174 1549 1263 1634; x_wconf 85' lang='lat' dir='ltr'>juvat</span> 
     </span>
     <span class='ocr_line' id='line_1_12' title="bbox 124 1663 1261 1750; baseline 0 -20"><span class='ocrx_word' id='word_1_85' title='bbox 124 1664 265 1730; x_wconf 78' lang='lat' dir='ltr'>Auctoris</span> <span class='ocrx_word' id='word_1_86' title='bbox 294 1663 391 1739; x_wconf 86' lang='lat' dir='ltr'>dicta,</span> <span class='ocrx_word' id='word_1_87' title='bbox 417 1685 493 1748; x_wconf 88' lang='lat' dir='ltr'>quae</span> <span class='ocrx_word' id='word_1_88' title='bbox 525 1665 597 1743; x_wconf 80' lang='lat' dir='ltr'>Cap.</span> <span class='ocrx_word' id='word_1_89' title='bbox 624 1666 661 1728; x_wconf 89' lang='lat' dir='ltr'>Xl</span> <span class='ocrx_word' id='word_1_90' title='bbox 683 1669 715 1728; x_wconf 88' lang='lat' dir='ltr'>ct</span> <span class='ocrx_word' id='word_1_91' title='bbox 743 1665 811 1740; x_wconf 88' lang='lat' dir='ltr'>llll,</span> <span class='ocrx_word' id='word_1_92' title='bbox 837 1663 1040 1748; x_wconf 85' lang='lat' dir='ltr'>pulcherrimo</span> <span class='ocrx_word' id='word_1_93' title='bbox 1067 1670 1196 1750; x_wconf 86' lang='lat' dir='ltr'>utroque</span> <span class='ocrx_word' id='word_1_94' title='bbox 1227 1687 1261 1730; x_wconf 86' lang='lat' dir='ltr'>ac</span> 
     </span>
     <span class='ocr_line' id='line_1_13' title="bbox 124 1778 666 1864; baseline 0.007 -24"><span class='ocrx_word' id='word_1_95' title='bbox 124 1778 314 1863; x_wconf 83' lang='lat' dir='ltr'>gravissimo,</span> <span class='ocrx_word' id='word_1_96' title='bbox 339 1779 514 1864; x_wconf 82' lang='lat' dir='ltr'>consignata</span> <span class='ocrx_word' id='word_1_97' title='bbox 537 1782 666 1845; x_wconf 86' lang='lat' dir='ltr'>exstant.</span> 
     </span>
    </p>

    <p class='ocr_par' dir='ltr' id='par_1_3' title="bbox 124 1891 1259 2320">
     <span class='ocr_line' id='line_1_14' title="bbox 169 1891 1259 1958; baseline 0.001 -2"><span class='ocrx_word' id='word_1_98' title='bbox 169 1892 262 1957; x_wconf 83' lang='lat' dir='ltr'>Hebr.</span> <span class='ocrx_word' id='word_1_99' title='bbox 288 1894 335 1956; x_wconf 89' lang='lat' dir='ltr'>Xl.</span> <span class='ocrx_word' id='word_1_100' title='bbox 362 1895 394 1958; x_wconf 88' lang='grc'>3.</span> <span class='ocrx_word' id='word_1_101' title='bbox 431 1895 544 1957; x_wconf 91' lang='lat' dir='ltr'>Paucos</span> <span class='ocrx_word' id='word_1_102' title='bbox 566 1892 656 1957; x_wconf 92' lang='lat' dir='ltr'>hodie</span> <span class='ocrx_word' id='word_1_103' title='bbox 673 1891 732 1956; x_wconf 91' lang='lat' dir='ltr'>sibi</span> <span class='ocrx_word' id='word_1_104' title='bbox 755 1892 974 1958; x_wconf 87' lang='lat' dir='ltr'>consentientes</span> <span class='ocrx_word' id='word_1_105' title='bbox 996 1891 1171 1957; x_wconf 89' lang='lat' dir='ltr'>habiturum</span> <span class='ocrx_word' id='word_1_106' title='bbox 1195 1915 1259 1958; x_wconf 85' lang='lat' dir='ltr'>esse</span> 
     </span>
     <span class='ocr_line' id='line_1_15' title="bbox 124 2006 1258 2095; baseline 0.002 -25"><span class='ocrx_word' id='word_1_107' title='bbox 124 2006 177 2070; x_wconf 89' lang='lat' dir='ltr'>Bl.</span> <span class='ocrx_word' id='word_1_108' title='bbox 202 2007 357 2089; x_wconf 88' lang='lat' dir='ltr'>existimo,</span> <span class='ocrx_word' id='word_1_109' title='bbox 383 2006 437 2072; x_wconf 91' lang='lat' dir='ltr'>ubi</span> <span class='ocrx_word' id='word_1_110' title='bbox 461 2015 544 2095; x_wconf 66' lang='grc' dir='ltr'>ῥῆμα</span> <span class='ocrx_word' id='word_1_111' title='bbox 565 2013 647 2076; x_wconf 69' lang='grc' dir='ltr'>Θεοῦ</span> <span class='ocrx_word' id='word_1_112' title='bbox 672 2008 708 2071; x_wconf 93' lang='lat' dir='ltr'>de</span> <span class='ocrx_word' id='word_1_113' title='bbox 735 2007 789 2071; x_wconf 88' lang='lat' dir='ltr'>Dei</span> <span class='ocrx_word' id='word_1_114' title='bbox 815 2008 1002 2087; x_wconf 78' lang='lat' dir='ltr'>proprietate</span> <span class='ocrx_word' id='word_1_115' title='bbox 1029 2008 1143 2082; x_wconf 91' lang='lat' dir='ltr'>sumit,</span> <span class='ocrx_word' id='word_1_116' title='bbox 1168 2027 1258 2089; x_wconf 88' lang='lat' dir='ltr'>quam</span> 
     </span>
     <span class='ocr_line' id='line_1_16' title="bbox 124 2119 1258 2205; baseline 0 -21"><span class='ocrx_word' id='word_1_117' title='bbox 124 2126 160 2185; x_wconf 91' lang='lat' dir='ltr'>ut</span> <span class='ocrx_word' id='word_1_118' title='bbox 179 2144 334 2199; x_wconf 74' lang='lat' dir='ltr'>perronam</span> <span class='ocrx_word' id='word_1_119' title='bbox 356 2121 526 2185; x_wconf 77' lang='lat' dir='ltr'>informtrit</span> <span class='ocrx_word' id='word_1_120' title='bbox 548 2124 671 2185; x_wconf 81' lang='lat' dir='ltr'>Auctor.</span> <span class='ocrx_word' id='word_1_121' title='bbox 720 2121 784 2185; x_wconf 84' lang='lat' dir='ltr'>Itto</span> <span class='ocrx_word' id='word_1_122' title='bbox 807 2120 903 2205; x_wconf 82' lang='lat' dir='ltr'>igitur</span> <span class='ocrx_word' id='word_1_123' title='bbox 926 2124 1007 2183; x_wconf 88' lang='lat' dir='ltr'>recte</span> <span class='ocrx_word' id='word_1_124' title='bbox 1030 2119 1179 2200; x_wconf 83' lang='lat' dir='ltr'>refutato,</span> <span class='ocrx_word' id='word_1_125' title='bbox 1205 2141 1258 2204; x_wconf 90' lang='lat' dir='ltr'>po·</span> 
     </span>
     <span class='ocr_line' id='line_1_17' title="bbox 125 2232 1037 2320; baseline -0.001 -22"><span class='ocrx_word' id='word_1_126' title='bbox 125 2235 329 2299; x_wconf 84' lang='lat' dir='ltr'>tentissimum</span> <span class='ocrx_word' id='word_1_127' title='bbox 352 2236 405 2299; x_wconf 83' lang='lat' dir='ltr'>[tei</span> <span class='ocrx_word' id='word_1_128' title='bbox 429 2235 555 2300; x_wconf 85' lang='lat' dir='ltr'>creantis</span> <span class='ocrx_word' id='word_1_129' title='bbox 568 2237 687 2318; x_wconf 80' lang='lat' dir='ltr'>joaram</span> <span class='ocrx_word' id='word_1_130' title='bbox 710 2232 857 2320; x_wconf 86' lang='lat' dir='ltr'>intelligit</span> <span class='ocrx_word' id='word_1_131' title='bbox 879 2236 1037 2298; x_wconf 85' lang='lat' dir='ltr'>Liinem.</span> 
     </span>
    </p>

    <p class='ocr_par' dir='ltr' id='par_1_4' title="bbox 122 2349 1259 3557">
     <span class='ocr_line' id='line_1_18' title="bbox 169 2349 1257 2434; baseline 0 -22"><span class='ocrx_word' id='word_1_132' title='bbox 169 2350 280 2433; x_wconf 49' lang='lat' dir='ltr'>dicad</span> <span class='ocrx_word' id='word_1_133' title='bbox 308 2350 381 2428; x_wconf 78' lang='lat' dir='ltr'>Cap.</span> <span class='ocrx_word' id='word_1_134' title='bbox 405 2357 474 2414; x_wconf 79' lang='lat' dir='ltr'>rect.</span> <span class='ocrx_word' id='word_1_135' title='bbox 500 2352 532 2413; x_wconf 85' lang='grc'>6.</span> <span class='ocrx_word' id='word_1_136' title='bbox 580 2349 666 2413; x_wconf 79' lang='lat' dir='ltr'>Haec</span> <span class='ocrx_word' id='word_1_137' title='bbox 687 2349 772 2414; x_wconf 77' lang='lat' dir='ltr'>achia</span> <span class='ocrx_word' id='word_1_138' title='bbox 787 2350 869 2434; x_wconf 80' lang='lat' dir='ltr'>fider</span> <span class='ocrx_word' id='word_1_139' title='bbox 894 2349 937 2412; x_wconf 82' lang='lat' dir='ltr'>ait</span> <span class='ocrx_word' id='word_1_140' title='bbox 963 2355 1076 2428; x_wconf 76' lang='lat' dir='ltr'>oportet</span> <span class='ocrx_word' id='word_1_141' title='bbox 1098 2352 1149 2415; x_wconf 82' lang='grc' dir='ltr'>ὅτι</span> <span class='ocrx_word' id='word_1_142' title='bbox 1174 2351 1257 2415; x_wconf 76' lang='grc' dir='ltr'><strong><em>ἔστι.</em></strong></span> 
     </span>
     <span class='ocr_line' id='line_1_19' title="bbox 124 2460 1259 2552; baseline 0.001 -26"><span class='ocrx_word' id='word_1_143' title='bbox 124 2465 221 2527; x_wconf 87' lang='lat' dir='ltr'>llocoe</span> <span class='ocrx_word' id='word_1_144' title='bbox 241 2460 326 2533; x_wconf 74' lang='grc' dir='ltr'><strong><em>εἶναι</em></strong></span> <span class='ocrx_word' id='word_1_145' title='bbox 347 2466 389 2528; x_wconf 92' lang='lat' dir='ltr'>sic</span> <span class='ocrx_word' id='word_1_146' title='bbox 412 2468 617 2552; x_wconf 73' lang='grc' dir='ltr'><strong><em>παραφράζει</em></strong></span> <span class='ocrx_word' id='word_1_147' title='bbox 644 2462 713 2544; x_wconf 81' lang='lat' dir='ltr'>Bt,</span> <span class='ocrx_word' id='word_1_148' title='bbox 733 2469 769 2526; x_wconf 89' lang='lat' dir='ltr'>ut</span> <span class='ocrx_word' id='word_1_149' title='bbox 792 2462 965 2547; x_wconf 89' lang='lat' dir='ltr'>plerasque,</span> <span class='ocrx_word' id='word_1_150' title='bbox 988 2460 1100 2546; x_wconf 87' lang='lat' dir='ltr'>quibus</span> <span class='ocrx_word' id='word_1_151' title='bbox 1122 2462 1159 2526; x_wconf 90' lang='lat' dir='ltr'>ad</span> <span class='ocrx_word' id='word_1_152' title='bbox 1179 2463 1259 2547; x_wconf 90' lang='lat' dir='ltr'>piam</span> 
     </span>
     <span class='ocr_line' id='line_1_20' title="bbox 125 2575 1258 2662; baseline -0.004 -18"><span class='ocrx_word' id='word_1_153' title='bbox 125 2579 264 2662; x_wconf 86' lang='lat' dir='ltr'>Supremi</span> <span class='ocrx_word' id='word_1_154' title='bbox 293 2579 432 2643; x_wconf 88' lang='lat' dir='ltr'>Numinis</span> <span class='ocrx_word' id='word_1_155' title='bbox 453 2579 655 2643; x_wconf 85' lang='lat' dir='ltr'>adorationem</span> <span class='ocrx_word' id='word_1_156' title='bbox 685 2576 887 2662; x_wconf 85' lang='lat' dir='ltr'>impellimur,</span> <span class='ocrx_word' id='word_1_157' title='bbox 913 2575 996 2642; x_wconf 91' lang='lat' dir='ltr'>lllins</span> <span class='ocrx_word' id='word_1_158' title='bbox 1023 2577 1175 2640; x_wconf 90' lang='lat' dir='ltr'>contineat</span> <span class='ocrx_word' id='word_1_159' title='bbox 1197 2577 1258 2640; x_wconf 87' lang='lat' dir='ltr'>vir·</span> 
     </span>
     <span class='ocr_line' id='line_1_21' title="bbox 123 2690 1258 2777; baseline -0.004 -20"><span class='ocrx_word' id='word_1_160' title='bbox 123 2697 215 2759; x_wconf 85' lang='lat' dir='ltr'>tutes.</span> <span class='ocrx_word' id='word_1_161' title='bbox 266 2695 346 2769; x_wconf 80' lang='lat' dir='ltr'>Quae</span> <span class='ocrx_word' id='word_1_162' title='bbox 369 2715 440 2759; x_wconf 88' lang='lat' dir='ltr'>vero</span> <span class='ocrx_word' id='word_1_163' title='bbox 464 2692 693 2758; x_wconf 81' lang='lat' dir='ltr'>circumlocutio</span> <span class='ocrx_word' id='word_1_164' title='bbox 721 2697 842 2756; x_wconf 88' lang='lat' dir='ltr'>enervat</span> <span class='ocrx_word' id='word_1_165' title='bbox 868 2691 979 2777; x_wconf 85' lang='lat' dir='ltr'>potius,</span> <span class='ocrx_word' id='word_1_166' title='bbox 1009 2690 1132 2774; x_wconf 90' lang='lat' dir='ltr'>siquid</span> <span class='ocrx_word' id='word_1_167' title='bbox 1156 2690 1258 2772; x_wconf 88' lang='lat' dir='ltr'>video,</span> 
     </span>
     <span class='ocr_line' id='line_1_22' title="bbox 123 2804 1259 2891; baseline 0.002 -23"><span class='ocrx_word' id='word_1_168' title='bbox 123 2806 333 2890; x_wconf 83' lang='lat' dir='ltr'>gravissimum</span> <span class='ocrx_word' id='word_1_169' title='bbox 368 2807 505 2881; x_wconf 88' lang='lat' dir='ltr'>dictum,</span> <span class='ocrx_word' id='word_1_170' title='bbox 531 2827 620 2889; x_wconf 90' lang='lat' dir='ltr'>quam</span> <span class='ocrx_word' id='word_1_171' title='bbox 643 2804 785 2869; x_wconf 85' lang='lat' dir='ltr'>illustrat.</span> <span class='ocrx_word' id='word_1_172' title='bbox 835 2805 934 2879; x_wconf 78' lang='lat' dir='ltr'>Quum</span> <span class='ocrx_word' id='word_1_173' title='bbox 963 2807 1136 2890; x_wconf 86' lang='lat' dir='ltr'>praesertim</span> <span class='ocrx_word' id='word_1_174' title='bbox 1159 2806 1259 2891; x_wconf 78' lang='lat' dir='ltr'>quatis</span> 
     </span>
     <span class='ocr_line' id='line_1_23' title="bbox 123 2919 1255 3006; baseline 0.003 -24"><span class='ocrx_word' id='word_1_175' title='bbox 123 2919 212 2984; x_wconf 90' lang='lat' dir='ltr'>nobis</span> <span class='ocrx_word' id='word_1_176' title='bbox 235 2922 276 2985; x_wconf 87' lang='lat' dir='ltr'>sit</span> <span class='ocrx_word' id='word_1_177' title='bbox 297 2923 395 3000; x_wconf 88' lang='lat' dir='ltr'>Deua,</span> <span class='ocrx_word' id='word_1_178' title='bbox 413 2922 549 3006; x_wconf 82' lang='lat' dir='ltr'>proxima</span> <span class='ocrx_word' id='word_1_179' title='bbox 572 2920 715 2984; x_wconf 87' lang='lat' dir='ltr'>doceant:</span> <span class='ocrx_word' id='word_1_180' title='bbox 742 2925 798 2985; x_wconf 82' lang='grc' dir='ltr'>καὶ</span> <span class='ocrx_word' id='word_1_181' title='bbox 819 2929 887 2996; x_wconf 77' lang='grc' dir='ltr'><em>τοῖς</em></span> <span class='ocrx_word' id='word_1_182' title='bbox 912 2923 1100 3006; x_wconf 74' lang='grc' dir='ltr'><strong><em>ἐκζητοῦσιν</em></strong></span> <span class='ocrx_word' id='word_1_183' title='bbox 1123 2950 1152 2988; x_wconf 86' lang='grc' dir='ltr'>κ.</span> <span class='ocrx_word' id='word_1_184' title='bbox 1174 2949 1201 2987; x_wconf 82' lang='lat' dir='ltr'>r.</span> <span class='ocrx_word' id='word_1_185' title='bbox 1224 2923 1255 2988; x_wconf 89' lang='lat' dir='ltr'>t.</span> 
     </span>
     <span class='ocr_line' id='line_1_24' title="bbox 125 3031 1259 3119; baseline 0.003 -23"><span class='ocrx_word' id='word_1_186' title='bbox 125 3034 224 3115; x_wconf 81' lang='lat' dir='ltr'>Quod,</span> <span class='ocrx_word' id='word_1_187' title='bbox 241 3035 268 3098; x_wconf 86' lang='lat' dir='ltr'>si</span> <span class='ocrx_word' id='word_1_188' title='bbox 289 3035 332 3100; x_wconf 86' lang='lat' dir='ltr'>ite</span> <span class='ocrx_word' id='word_1_189' title='bbox 354 3034 438 3100; x_wconf 88' lang='lat' dir='ltr'>verbi</span> <span class='ocrx_word' id='word_1_190' title='bbox 454 3031 539 3105; x_wconf 71' lang='lat' dir='ltr'>sirau</span> <span class='ocrx_word' id='word_1_191' title='bbox 563 3040 692 3119; x_wconf 82' lang='lat' dir='ltr'>potestas</span> <span class='ocrx_word' id='word_1_192' title='bbox 715 3032 906 3109; x_wconf 87' lang='lat' dir='ltr'>extendatur,</span> <span class='ocrx_word' id='word_1_193' title='bbox 932 3031 1050 3097; x_wconf 88' lang='lat' dir='ltr'>elumbe</span> <span class='ocrx_word' id='word_1_194' title='bbox 1074 3032 1196 3117; x_wconf 90' lang='lat' dir='ltr'>aliquod</span> <span class='ocrx_word' id='word_1_195' title='bbox 1218 3036 1259 3099; x_wconf 89' lang='lat' dir='ltr'>sit</span> 
     </span>
     <span class='ocr_line' id='line_1_25' title="bbox 123 3146 1256 3235; baseline -0.001 -22"><span class='ocrx_word' id='word_1_196' title='bbox 123 3149 381 3231; x_wconf 85' lang='lat' dir='ltr'>additamentum,</span> <span class='ocrx_word' id='word_1_197' title='bbox 410 3173 427 3214; x_wconf 91' lang='lat' dir='ltr'>a</span> <span class='ocrx_word' id='word_1_198' title='bbox 448 3151 554 3235; x_wconf 90' lang='lat' dir='ltr'>quovis</span> <span class='ocrx_word' id='word_1_199' title='bbox 577 3150 636 3214; x_wconf 93' lang='lat' dir='ltr'>alio</span> <span class='ocrx_word' id='word_1_200' title='bbox 658 3149 759 3232; x_wconf 86' lang='lat' dir='ltr'>potius</span> <span class='ocrx_word' id='word_1_201' title='bbox 789 3147 1023 3230; x_wconf 88' lang='lat' dir='ltr'>exspectandum</span> <span class='ocrx_word' id='word_1_202' title='bbox 1045 3146 1140 3225; x_wconf 92' lang='lat' dir='ltr'>illud,</span> <span class='ocrx_word' id='word_1_203' title='bbox 1167 3170 1256 3232; x_wconf 89' lang='lat' dir='ltr'>qnam</span> 
     </span>
     <span class='ocr_line' id='line_1_26' title="bbox 122 3261 1256 3348; baseline -0.001 -20"><span class='ocrx_word' id='word_1_204' title='bbox 122 3265 318 3329; x_wconf 88' lang='lat' dir='ltr'>disertissimo</span> <span class='ocrx_word' id='word_1_205' title='bbox 340 3263 378 3329; x_wconf 93' lang='lat' dir='ltr'>ab</span> <span class='ocrx_word' id='word_1_206' title='bbox 401 3264 547 3348; x_wconf 85' lang='lat' dir='ltr'>Epistolao</span> <span class='ocrx_word' id='word_1_207' title='bbox 572 3266 712 3328; x_wconf 70' lang='lat' dir='ltr'>ductore.</span> <span class='ocrx_word' id='word_1_208' title='bbox 751 3263 840 3326; x_wconf 81' lang='lat' dir='ltr'>Recte</span> <span class='ocrx_word' id='word_1_209' title='bbox 856 3261 952 3345; x_wconf 88' lang='lat' dir='ltr'>igitur</span> <span class='ocrx_word' id='word_1_210' title='bbox 975 3267 1006 3326; x_wconf 92' lang='lat' dir='ltr'>et</span> <span class='ocrx_word' id='word_1_211' title='bbox 1025 3272 1112 3325; x_wconf 84' lang='lat' dir='ltr'>acute</span> <span class='ocrx_word' id='word_1_212' title='bbox 1134 3264 1183 3341; x_wconf 75' lang='lat' dir='ltr'>t,</span> <span class='ocrx_word' id='word_1_213' title='bbox 1206 3263 1256 3327; x_wconf 88' lang='lat' dir='ltr'>cui</span> 
     </span>
     <span class='ocr_line' id='line_1_27' title="bbox 124 3376 1253 3465; baseline -0.003 -20"><span class='ocrx_word' id='word_1_214' title='bbox 124 3376 179 3445; x_wconf 89' lang='lat' dir='ltr'>Bl.</span> <span class='ocrx_word' id='word_1_215' title='bbox 198 3379 354 3445; x_wconf 84' lang='lat' dir='ltr'>refutando</span> <span class='ocrx_word' id='word_1_216' title='bbox 370 3380 534 3465; x_wconf 87' lang='lat' dir='ltr'>praeiverat</span> <span class='ocrx_word' id='word_1_217' title='bbox 550 3381 597 3442; x_wconf 82' lang='lat' dir='ltr'>lie</span> <span class='ocrx_word' id='word_1_218' title='bbox 607 3380 817 3444; x_wconf 87' lang='lat' dir='ltr'>·Wettius:</span> <span class='ocrx_word' id='word_1_219' title='bbox 843 3379 963 3443; x_wconf 70' lang='lat' dir='ltr'>»Nihil</span> <span class='ocrx_word' id='word_1_220' title='bbox 977 3381 1075 3461; x_wconf 78' lang='lat' dir='ltr'>alind,</span> <span class='ocrx_word' id='word_1_221' title='bbox 1100 3380 1163 3443; x_wconf 80' lang='lat' dir='ltr'>rrr&#39;ri</span> <span class='ocrx_word' id='word_1_222' title='bbox 1179 3401 1253 3457; x_wconf 86' lang='lat' dir='ltr'>esse,</span> 
     </span>
     <span class='ocr_line' id='line_1_28' title="bbox 123 3491 487 3557; baseline 0.008 -3"><span class='ocrx_word' id='word_1_223' title='bbox 123 3491 241 3556; x_wconf 78' lang='lat' dir='ltr'>indicat</span> <span class='ocrx_word' id='word_1_224' title='bbox 265 3492 487 3557; x_wconf 78' lang='lat' dir='ltr'>eaurtirrtrrrrr.”</span> 
     </span>
    </p>

    <p class='ocr_par' dir='ltr' id='par_1_5' title="bbox 123 3605 1257 4152">
     <span class='ocr_line' id='line_1_29' title="bbox 169 3605 1257 3690; baseline 0.003 -22"><span class='ocrx_word' id='word_1_225' title='bbox 169 3607 296 3683; x_wconf 77' lang='lat' dir='ltr'>Itidem,</span> <span class='ocrx_word' id='word_1_226' title='bbox 320 3615 392 3671; x_wconf 79' lang='lat' dir='ltr'>sect.</span> <span class='ocrx_word' id='word_1_227' title='bbox 418 3609 473 3671; x_wconf 74' lang='lat' dir='ltr'>tt.</span> <span class='ocrx_word' id='word_1_228' title='bbox 496 3612 613 3676; x_wconf 80' lang='grc' dir='ltr'><strong><em>Πίστει</em></strong></span> <span class='ocrx_word' id='word_1_229' title='bbox 629 3645 673 3655; x_wconf 86' lang='lat'>-</span> <span class='ocrx_word' id='word_1_230' title='bbox 688 3611 878 3690; x_wconf 74' lang='grc' dir='ltr'><em>Αἴγυπτον.</em></span> <span class='ocrx_word' id='word_1_231' title='bbox 915 3609 948 3672; x_wconf 93' lang='lat' dir='ltr'>ln</span> <span class='ocrx_word' id='word_1_232' title='bbox 969 3608 1043 3671; x_wconf 87' lang='lat' dir='ltr'>duas</span> <span class='ocrx_word' id='word_1_233' title='bbox 1065 3605 1160 3672; x_wconf 83' lang='lat' dir='ltr'>veluti</span> <span class='ocrx_word' id='word_1_234' title='bbox 1179 3609 1257 3671; x_wconf 87' lang='lat' dir='ltr'>acies</span> 
     </span>
     <span class='ocr_line' id='line_1_30' title="bbox 123 3721 1256 3807; baseline -0.003 -19"><span class='ocrx_word' id='word_1_235' title='bbox 123 3723 325 3788; x_wconf 89' lang='lat' dir='ltr'>nobilissimos</span> <span class='ocrx_word' id='word_1_236' title='bbox 356 3745 489 3807; x_wconf 91' lang='lat' dir='ltr'>quosque</span> <span class='ocrx_word' id='word_1_237' title='bbox 520 3723 569 3787; x_wconf 86' lang='lat' dir='ltr'>hio</span> <span class='ocrx_word' id='word_1_238' title='bbox 599 3724 768 3787; x_wconf 87' lang='lat' dir='ltr'>secedentes</span> <span class='ocrx_word' id='word_1_239' title='bbox 795 3722 932 3786; x_wconf 87' lang='lat' dir='ltr'>videmus</span> <span class='ocrx_word' id='word_1_240' title='bbox 961 3724 1149 3806; x_wconf 84' lang='lat' dir='ltr'>Interpretes.</span> <span class='ocrx_word' id='word_1_241' title='bbox 1196 3721 1256 3785; x_wconf 83' lang='lat' dir='ltr'>Alii</span> 
     </span>
     <span class='ocr_line' id='line_1_31' title="bbox 124 3836 1253 3920; baseline -0.001 -19"><span class='ocrx_word' id='word_1_242' title='bbox 124 3839 218 3914; x_wconf 91' lang='lat' dir='ltr'>enim,</span> <span class='ocrx_word' id='word_1_243' title='bbox 244 3859 373 3920; x_wconf 89' lang='lat' dir='ltr'>quorum</span> <span class='ocrx_word' id='word_1_244' title='bbox 395 3840 428 3902; x_wconf 91' lang='lat' dir='ltr'>in</span> <span class='ocrx_word' id='word_1_245' title='bbox 451 3860 577 3911; x_wconf 86' lang='lat' dir='ltr'>numero</span> <span class='ocrx_word' id='word_1_246' title='bbox 594 3836 696 3903; x_wconf 84' lang='lat' dir='ltr'>multis</span> <span class='ocrx_word' id='word_1_247' title='bbox 719 3859 788 3902; x_wconf 88' lang='lat' dir='ltr'>cum</span> <span class='ocrx_word' id='word_1_248' title='bbox 804 3836 1022 3902; x_wconf 85' lang='lat' dir='ltr'>recentioribus</span> <span class='ocrx_word' id='word_1_249' title='bbox 1044 3836 1253 3912; x_wconf 89' lang='lat' dir='ltr'>Bleekius,</span> 
     </span>
     <span class='ocr_line' id='line_1_32' title="bbox 124 3952 1255 4036; baseline -0.001 -21"><span class='ocrx_word' id='word_1_250' title='bbox 124 3952 162 4015; x_wconf 92' lang='lat' dir='ltr'>ad</span> <span class='ocrx_word' id='word_1_251' title='bbox 192 3956 292 4016; x_wconf 86' lang='lat' dir='ltr'>totum</span> <span class='ocrx_word' id='word_1_252' title='bbox 322 3953 456 4017; x_wconf 87' lang='lat' dir='ltr'>referunt</span> <span class='ocrx_word' id='word_1_253' title='bbox 485 3953 613 4017; x_wconf 73' lang='lat' dir='ltr'>Israelis</span> <span class='ocrx_word' id='word_1_254' title='bbox 627 3955 792 4032; x_wconf 78' lang='lat' dir='ltr'>poputum,</span> <span class='ocrx_word' id='word_1_255' title='bbox 819 3953 893 4016; x_wconf 89' lang='lat' dir='ltr'>duce</span> <span class='ocrx_word' id='word_1_256' title='bbox 922 3955 1029 4028; x_wconf 84' lang='lat' dir='ltr'>Mcise,</span> <span class='ocrx_word' id='word_1_257' title='bbox 1055 3974 1092 4015; x_wconf 86' lang='lat' dir='ltr'>ex</span> <span class='ocrx_word' id='word_1_258' title='bbox 1121 3952 1255 4036; x_wconf 78' lang='lat' dir='ltr'>Aegypto</span> 
     </span>
     <span class='ocr_line' id='line_1_33' title="bbox 123 4064 1256 4152; baseline -0.002 -22"><span class='ocrx_word' id='word_1_259' title='bbox 123 4067 304 4152; x_wconf 80' lang='lat' dir='ltr'>profectum.</span> <span class='ocrx_word' id='word_1_260' title='bbox 350 4067 432 4148; x_wconf 82' lang='lat' dir='ltr'>Alii,</span> <span class='ocrx_word' id='word_1_261' title='bbox 457 4067 612 4152; x_wconf 88' lang='lat' dir='ltr'>plerosque</span> <span class='ocrx_word' id='word_1_262' title='bbox 643 4067 790 4133; x_wconf 84' lang='lat' dir='ltr'>Ecclesiae</span> <span class='ocrx_word' id='word_1_263' title='bbox 821 4070 922 4131; x_wconf 87' lang='lat' dir='ltr'>Patres</span> <span class='ocrx_word' id='word_1_264' title='bbox 947 4066 1064 4142; x_wconf 86' lang='lat' dir='ltr'>secuti,</span> <span class='ocrx_word' id='word_1_265' title='bbox 1089 4065 1186 4129; x_wconf 90' lang='lat' dir='ltr'>solum</span> <span class='ocrx_word' id='word_1_266' title='bbox 1219 4064 1256 4128; x_wconf 89' lang='lat' dir='ltr'>ad</span> 
     </span>
    </p>
   </div>
   <div class='ocr_carea' id='block_1_3' title="bbox 123 4237 272 4246">
    <p class='ocr_par' dir='ltr' id='par_1_6' title="bbox 123 4237 272 4246">
     <span class='ocr_line' id='line_1_34' title="bbox 123 4237 272 4246; baseline -0.007 -3"><span class='ocrx_word' id='word_1_267' title='bbox 123 4237 272 4246; x_wconf 67' lang='lat'>..-.--.-</span> 
     </span>
    </p>
   </div>
   <div class='ocr_carea' id='block_1_4' title="bbox 124 4330 1254 4484">
    <p class='ocr_par' dir='ltr' id='par_1_7' title="bbox 124 4330 1254 4484">
     <span class='ocr_line' id='line_1_35' title="bbox 124 4330 1254 4400; baseline -0.009 -13"><span class='ocrx_word' id='word_1_268' title='bbox 124 4336 256 4387; x_wconf 85' lang='lat' dir='ltr'>Bleekii</span> <span class='ocrx_word' id='word_1_269' title='bbox 275 4336 343 4387; x_wconf 85' lang='lat' dir='ltr'>inter</span> <span class='ocrx_word' id='word_1_270' title='bbox 355 4342 380 4385; x_wconf 88' lang='lat' dir='ltr'>ct</span> <span class='ocrx_word' id='word_1_271' title='bbox 398 4335 441 4385; x_wconf 86' lang='lat' dir='ltr'>Th</span> <span class='ocrx_word' id='word_1_272' title='bbox 450 4334 574 4384; x_wconf 85' lang='lat' dir='ltr'>cluckii</span> <span class='ocrx_word' id='word_1_273' title='bbox 586 4331 805 4400; x_wconf 76' lang='lat' dir='ltr'>Interpretotionera</span> <span class='ocrx_word' id='word_1_274' title='bbox 816 4331 973 4396; x_wconf 86' lang='lat' dir='ltr'>comparatio</span> <span class='ocrx_word' id='word_1_275' title='bbox 991 4330 1140 4389; x_wconf 77' lang='lat' dir='ltr'>instituitur,</span> <span class='ocrx_word' id='word_1_276' title='bbox 1153 4330 1254 4394; x_wconf 82' lang='lat' dir='ltr'>utrique</span> 
     </span>
     <span class='ocr_line' id='line_1_36' title="bbox 124 4431 275 4484; baseline -0.02 0"><span class='ocrx_word' id='word_1_277' title='bbox 124 4431 275 4484; x_wconf 82' lang='lat' dir='ltr'>honorifica.</span> 
     </span>
    </p>
   </div>
   <div class='ocr_carea' id='block_1_5' title="bbox 0 0 1396 4958">
    <p class='ocr_par' dir='ltr' id='par_1_8' title="bbox 0 0 1396 4958">
     <span class='ocr_line' id='line_1_37' title="bbox 0 0 1396 4958; baseline 0 0"><span class='ocrx_word' id='word_1_278' title='bbox 0 0 1396 4958; x_wconf 95' lang='lat' dir='ltr'> </span> 
     </span>
    </p>
   </div>
  </div>
 </body>
</html>
