2782 4958
131 328 173 389 32
613 338 770 383 nrsnosuu

123 510 319 574 affirmantem
343 528 412 573 eum
435 507 587 580 videmus,
611 505 667 571 Istc
682 528 719 570 ex
741 507 912 570 recensione
930 503 1108 591 corrigenda
1125 507 1167 570 sit
1185 505 1252 581 ello:

124 624 231 709 quidni
254 622 406 687 contrario
426 621 542 705 judicio
563 621 663 705 potior
686 626 844 685 censeatur
867 617 1159 685 Aleeandrina?-—
1174 620 1255 684 Tum

125 739 207 804 aliud
235 738 378 822 quidest
402 736 484 821 quod
511 735 686 820 scrupulum
706 735 781 799 mihi
803 735 931 819 injiciat.
956 733 1150 799 Thenium
1173 735 1253 799 enim

126 853 151 916 si
176 851 327 929 consulis,
346 852 426 936 ipse,
450 870 512 935 quo
533 871 608 914 usus
631 855 677 913 est
697 850 866 933 Interpres,
888 848 991 913 Codex
1007 848 1184 914 Hebraicus
1205 849 1256 912 in·

124 968 352 1053 quinatissimus
372 970 453 1044 erat,
478 970 567 1050 atque
590 985 624 1028 ea
642 963 770 1029 subinde
789 963 973 1036 continebat,
999 984 1075 1049 quae
1095 986 1134 1026 ne
1154 985 1257 1027 sanam

124 1081 246 1165 quidem
267 1081 447 1144 sententiam
460 1077 619 1154 haberent,
640 1083 671 1142 et
681 1100 758 1162 quae
770 1083 884 1154 tamen,
904 1083 975 1141 utut
993 1082 1148 1161 corrupta,
1165 1075 1259 1142 verba

125 1194 225 1262 verbis
248 1195 397 1274 reddens,
426 1215 571 1278 reponere
592 1215 654 1257 non
686 1191 839 1257 dubitaret
866 1191 918 1256 ille
940 1193 1001 1278 (l).
1049 1191 1139 1264 Quod
1163 1193 1190 1257 si
1214 1192 1258 1255 ita

126 1311 178 1386 alt,
203 1309 271 1394 quis
294 1309 414 1372 medem
443 1307 576 1391 Oedipus
595 1307 665 1384 erit,
687 1308 741 1391 qni
763 1306 892 1392 singulis
906 1307 982 1371 locis
1004 1307 1077 1390 quid
1096 1306 1128 1369 in
1143 1305 1258 1370 Codice

128 1423 181 1488 illo
202 1423 314 1508 legerit
336 1422 491 1506 Interpres
514 1421 676 1485 divinando
695 1422 812 1505 assequi
834 1421 953 1506 possit?
983 1420 1061 1483 Cum
1081 1420 1259 1503 praesertim

124 1538 247 1621 punctis
269 1536 420 1601 vocalibus
443 1540 563 1600 carente
584 1535 719 1619 exemplo
743 1532 895 1598 Hebraico
924 1555 1013 1599 usum
1040 1555 1104 1598 esse
1127 1534 1260 1598 Alexan·

128 1649 249 1713 drinum
274 1647 369 1712 multa
392 1648 519 1712 doceant
540 1654 726 1734 argumenta.
760 1649 809 1713 Ad
829 1670 917 1734 quem
938 1648 1158 1734 permultorum
1179 1669 1260 1713 erro·

128 1784 196 1826 rum
216 1762 347 1837 fontem,
370 1761 428 1826 hac
450 1768 532 1827 certe
552 1764 586 1831 iu
611 1763 824 1848 disputatione,
845 1785 906 1828 non
929 1765 1002 1827 satis
1016 1763 1179 1827 attendisse
1193 1762 1261 1827 Ori·

129 1877 245 1951 ticum,
269 1877 417 1962 estquod
440 1879 567 1943 mireris.

175 1991 326 2069 Tandem,
344 2014 383 2056 ne
398 1993 479 2077 quod
491 1994 696 2064 Alexandrino
707 1995 786 2060 desit
807 1994 931 2059 honoris
951 1997 1170 2070 oruamentum,
1190 1990 1262 2054 huic

131 2105 222 2169 etiam
233 2105 292 2188 ipsi
315 2104 458 2169 nonnulla
471 2114 587 2190 praesto
610 2108 702 2172 fuisse
717 2110 828 2194 scripta
840 2117 1032 2172 morrameata
1055 2105 1261 2168 demonstrare

131 2219 250 2296 studet,
274 2220 419 2304 undequi
435 2221 557 2307 Rapum
577 2220 671 2287 libros
694 2223 727 2286 in
750 2224 886 2287 ordinem
901 2221 1022 2306 redegit
1044 2217 1262 2284 RefectorHe·

131 2333 251 2400 braicos
278 2357 347 2401 suas
378 2335 512 2401 hauserit
541 2339 738 2401 narrationes.
785 2338 882 2422 Cujus
903 2337 1068 2401 sententiae
1090 2332 1263 2420 probandae

130 2453 234 2514 causet
267 2449 341 2515 haec
368 2453 455 2515 affert
484 2457 671 2537 argumenta.
717 2450 872 2531 Subinde,
908 2452 1022 2534 inquit,
1056 2450 1192 2514 locorum
1228 2449 1262 2512 in

129 2569 216 2628 textu
233 2563 385 2629 Hebraico
409 2565 484 2630 male
499 2566 686 2630 divulsorum
708 2572 806 2652 partes
821 2566 987 2650 discerptas
1008 2571 1089 2629 recte
1102 2563 1262 2648 conjunxit

131 2701 259 2764 suasque
285 2681 318 2743 in
350 2663 434 2744 sedes
457 2683 600 2746 restituit.
646 2682 746 2760 Alias,
775 2703 851 2767 quae
876 2684 1056 2766 quecunque
1078 2679 1199 2742 tandem
1223 2678 1262 2742 de

89 2842 92 2861 .
131 2796 236 2858 eaussll
257 2795 419 2858 memoriae
440 2795 566 2878 prodere
587 2795 726 2860 noluerat
745 2796 899 2881 Refector,
917 2793 1034 2860 Gracco
1049 2814 1104 2857 suo
1123 2793 1263 2878 inopere

131 2904 294 2970 desiderari
322 2928 383 2970 non
408 2927 510 2991 passus
543 2913 599 2971 est.
648 2908 747 2972 Immo
768 2908 914 2998 ejusmodi
937 2906 1096 2992 aliquando
1120 2927 1194 2970 usus
1217 2912 1264 2971 est

130 3018 285 3096 libertate,
309 3024 344 3084 ut
366 3042 482 3099 eorum,
507 3043 583 3107 quae
601 3023 635 3085 in
656 3023 797 3108 Repum,
822 3028 860 3086 ut
880 3028 956 3086 tunc
977 3022 1098 3105 quidem
1117 3042 1149 3084 se
1172 3019 1266 3085 habe·

131 3132 220 3211 bant,
242 3134 330 3198 libris
352 3136 464 3220 scripta
487 3135 662 3212 exstabant,
689 3136 803 3202 nullam
832 3137 921 3221 plane
946 3137 1090 3200 rationem
1122 3133 1264 3211 haberet,

132 3253 185 3314 aut
203 3255 285 3314 certe
306 3249 350 3314 ibi
372 3250 468 3316 relata
490 3251 581 3336 longe
605 3251 724 3316 diverso
744 3252 792 3315 sui
808 3251 907 3336 operis
929 3249 995 3314 loco
1018 3252 1150 3333 poneret.
1175 3247 1264 3320 Quae

133 3383 203 3427 vero
227 3368 404 3448 argumenta
427 3369 463 3428 nt
486 3384 541 3428 nos
561 3364 711 3428 diluamus
732 3385 808 3449 opus
827 3385 887 3428 non
911 3367 966 3430 est.
1006 3362 1069 3426 Hic
1092 3365 1171 3426 enim
1192 3365 1266 3428 Ale·

131 3478 285 3543 eaadrioo
309 3477 487 3562 interpreti,
524 3478 578 3561 qui
601 3477 720 3561 Raptam
741 3477 835 3541 libros
858 3477 972 3540 (traces
994 3497 1027 3540 se
1050 3498 1267 3542 conversurum

132 3596 293 3676 receperat,
318 3592 517 3657 intolerabilis
540 3591 592 3656 illa
615 3591 763 3657 tribuitur
785 3592 908 3655 lieentia
930 3597 1021 3676 atque
1042 3592 1181 3670 audacia,
1194 3595 1266 3678 qut,

133 3707 217 3788 pensi
236 3704 365 3784 oblitus,
384 3728 489 3771 eorum
510 3707 627 3771 auctori
646 3706 734 3792 plane
758 3706 962 3791 refragaretur
981 3711 1070 3790 atque
1088 3705 1265 3771 adversare·

132 3823 195 3891 tum
220 3820 330 3904 quippe
353 3823 405 3905 qui
426 3842 465 3885 ne
489 3843 523 3884 ea
543 3819 665 3904 quidem
685 3820 806 3884 silentio
828 3820 982 3904 presserit,
1007 3818 1147 3903 quaehic
1162 3820 1263 3883 efferri

131 3930 289 3995 noluisset.
326 3932 456 3997 Hiccine
479 3939 525 3998 est
545 3935 625 3998 idem
648 3933 700 3997 ille
720 3934 955 4011 Alexandrinus,
981 3954 1069 4016 quem
1093 3953 1183 4017 supra
1202 3939 1265 3996 tam

141 4097 281 4109 *ι-

165 4210 201 4277 (1)
218 4211 260 4262 le
277 4215 445 4279 disputatione
463 4201 524 4270 naec
542 4227 741 4285 consequuntur,
756 4217 873 4269 Introitus
887 4233 946 4284 pag.
958 4215 1027 4269 XVI
1038 4219 1146 4285 prodite.
1166 4217 1264 4280 Quom-

130 4320 224 4370 qaam,
241 4305 325 4357 itidem
342 4324 367 4372 p.
385 4309 469 4372 XIV,
484 4327 535 4361 non
555 4315 591 4363 ita
609 4313 704 4376 abjecte
720 4315 751 4363 de
770 4308 922 4372 (lodicibus,
940 4325 1003 4375 quos
1021 4319 1120 4362 secutus
1138 4310 1169 4360 sit
1179 4310 1264 4360 Alex·

133 4401 254 4452 andriuus
264 4434 272 4461 ,
287 4401 402 4466 judicare
419 4405 488 4455 visus
505 4414 567 4455 erat.
668 4448 671 4452 .
723 4404 728 4413 '
