<?xml version="1.0" encoding="UTF-8"?>
<!DOCTYPE html PUBLIC "-//W3C//DTD XHTML 1.0 Transitional//EN"
    "http://www.w3.org/TR/xhtml1/DTD/xhtml1-transitional.dtd">
<html xmlns="http://www.w3.org/1999/xhtml" xml:lang="en" lang="en">
 <head>
  <title>
</title>
<meta http-equiv="Content-Type" content="text/html;charset=utf-8" />
  <meta name='ocr-system' content='tesseract 3.04.00' />
  <meta name='ocr-capabilities' content='ocr_page ocr_carea ocr_par ocr_line ocrx_word'/>
</head>
<body>
  <div class='ocr_page' id='page_1' title='image "./chartaetheologi00boumgoog_0386.png"; bbox 0 0 2782 4958; ppageno 0'>
   <div class='ocr_carea' id='block_1_1' title="bbox 514 346 1262 410">
    <p class='ocr_par' dir='ltr' id='par_1_1' title="bbox 514 346 1262 410">
     <span class='ocr_line' id='line_1_1' title="bbox 514 346 1262 410; baseline -0.001 -1"><span class='ocrx_word' id='word_1_1' title='bbox 514 366 554 409; x_wconf 85' lang='lat' dir='ltr'>nn</span> <span class='ocrx_word' id='word_1_2' title='bbox 577 366 673 410; x_wconf 84' lang='lat' dir='ltr'>urnrus</span> <span class='ocrx_word' id='word_1_3' title='bbox 697 366 887 410; x_wconf 81' lang='grc'><strong>1111111111.</strong></span> <span class='ocrx_word' id='word_1_4' title='bbox 1201 346 1262 408; x_wconf 81' lang='grc'>115</span> 
     </span>
    </p>
   </div>
   <div class='ocr_carea' id='block_1_2' title="bbox 124 531 1263 1188">
    <p class='ocr_par' dir='ltr' id='par_1_2' title="bbox 124 531 1263 1188">
     <span class='ocr_line' id='line_1_2' title="bbox 176 531 1263 619; baseline -0.004 -20"><span class='ocrx_word' id='word_1_5' title='bbox 176 535 286 599; x_wconf 82' lang='lat' dir='ltr'>Contra</span> <span class='ocrx_word' id='word_1_6' title='bbox 309 557 371 598; x_wconf 90' lang='grc'><strong>11111</strong></span> <span class='ocrx_word' id='word_1_7' title='bbox 394 534 534 614; x_wconf 84' lang='lat' dir='ltr'>defectu,</span> <span class='ocrx_word' id='word_1_8' title='bbox 559 535 608 597; x_wconf 92' lang='lat' dir='ltr'>sed</span> <span class='ocrx_word' id='word_1_9' title='bbox 633 534 816 598; x_wconf 69' lang='lat' dir='ltr'>abundantio</span> <span class='ocrx_word' id='word_1_10' title='bbox 839 534 939 619; x_wconf 86' lang='lat' dir='ltr'>potius</span> <span class='ocrx_word' id='word_1_11' title='bbox 962 531 1063 616; x_wconf 74' lang='lat' dir='ltr'>aliqua</span> <span class='ocrx_word' id='word_1_12' title='bbox 1085 532 1196 597; x_wconf 89' lang='lat' dir='ltr'>librum</span> <span class='ocrx_word' id='word_1_13' title='bbox 1219 531 1263 596; x_wconf 90' lang='lat' dir='ltr'>la·</span> 
     </span>
     <span class='ocr_line' id='line_1_3' title="bbox 128 639 1261 732; baseline -0.002 -18"><span class='ocrx_word' id='word_1_14' title='bbox 128 649 236 714; x_wconf 87' lang='lat' dir='ltr'>borare</span> <span class='ocrx_word' id='word_1_15' title='bbox 267 649 421 714; x_wconf 88' lang='lat' dir='ltr'>Peltius</span> <span class='ocrx_word' id='word_1_16' title='bbox 451 651 614 716; x_wconf 85' lang='lat' dir='ltr'>existimat.</span> <span class='ocrx_word' id='word_1_17' title='bbox 663 649 754 732; x_wconf 88' lang='lat' dir='ltr'>Cujus</span> <span class='ocrx_word' id='word_1_18' title='bbox 786 639 909 731; x_wconf 91' lang='lat' dir='ltr'>quidem</span> <span class='ocrx_word' id='word_1_19' title='bbox 932 648 968 711; x_wconf 92' lang='lat' dir='ltr'>de</span> <span class='ocrx_word' id='word_1_20' title='bbox 990 649 1160 729; x_wconf 74' lang='lat' dir='ltr'>sententiat,</span> <span class='ocrx_word' id='word_1_21' title='bbox 1186 670 1261 732; x_wconf 90' lang='lat' dir='ltr'>quae</span> 
     </span>
     <span class='ocr_line' id='line_1_4' title="bbox 124 761 1260 848; baseline 0 -22"><span class='ocrx_word' id='word_1_22' title='bbox 124 766 160 826; x_wconf 90' lang='lat' dir='ltr'>in</span> <span class='ocrx_word' id='word_1_23' title='bbox 178 765 315 848; x_wconf 70' lang='grc'><strong>91111111</strong></span> <span class='ocrx_word' id='word_1_24' title='bbox 334 764 430 828; x_wconf 88' lang='lat' dir='ltr'>solum</span> <span class='ocrx_word' id='word_1_25' title='bbox 452 763 500 828; x_wconf 89' lang='lat' dir='ltr'>vel</span> <span class='ocrx_word' id='word_1_26' title='bbox 518 763 671 828; x_wconf 77' lang='lat' dir='ltr'>uniuersae</span> <span class='ocrx_word' id='word_1_27' title='bbox 689 761 708 827; x_wconf 89' lang='lat' dir='ltr'>l.</span> <span class='ocrx_word' id='word_1_28' title='bbox 725 764 771 826; x_wconf 88' lang='lat' dir='ltr'>Gr.</span> <span class='ocrx_word' id='word_1_29' title='bbox 782 762 830 826; x_wconf 90' lang='lat' dir='ltr'>vel</span> <span class='ocrx_word' id='word_1_30' title='bbox 845 762 1066 826; x_wconf 78' lang='lat' dir='ltr'>Helleuieticae</span> <span class='ocrx_word' id='word_1_31' title='bbox 1084 761 1260 848; x_wconf 84' lang='lat' dir='ltr'>singulatim</span> 
     </span>
     <span class='ocr_line' id='line_1_5' title="bbox 125 875 1260 962; baseline -0.001 -22"><span class='ocrx_word' id='word_1_32' title='bbox 125 885 182 943; x_wconf 90' lang='lat' dir='ltr'>aut</span> <span class='ocrx_word' id='word_1_33' title='bbox 198 880 231 941; x_wconf 91' lang='lat' dir='ltr'>in</span> <span class='ocrx_word' id='word_1_34' title='bbox 254 901 308 952; x_wconf 89' lang='lat' dir='ltr'>eo,</span> <span class='ocrx_word' id='word_1_35' title='bbox 327 878 408 962; x_wconf 94' lang='lat' dir='ltr'>quod</span> <span class='ocrx_word' id='word_1_36' title='bbox 423 879 519 941; x_wconf 78' lang='grc'><strong>111111</strong></span> <span class='ocrx_word' id='word_1_37' title='bbox 540 885 666 953; x_wconf 89' lang='lat' dir='ltr'>vocant,</span> <span class='ocrx_word' id='word_1_38' title='bbox 686 878 795 941; x_wconf 87' lang='lat' dir='ltr'>Lexico</span> <span class='ocrx_word' id='word_1_39' title='bbox 812 877 928 960; x_wconf 88' lang='lat' dir='ltr'>justum</span> <span class='ocrx_word' id='word_1_40' title='bbox 944 875 1201 951; x_wconf 91' lang='lat' dir='ltr'>habeantlocum,</span> <span class='ocrx_word' id='word_1_41' title='bbox 1226 897 1260 939; x_wconf 91' lang='lat' dir='ltr'>ea</span> 
     </span>
     <span class='ocr_line' id='line_1_6' title="bbox 126 989 1260 1076; baseline 0 -22"><span class='ocrx_word' id='word_1_42' title='bbox 126 1013 233 1070; x_wconf 91' lang='lat' dir='ltr'>nunc,</span> <span class='ocrx_word' id='word_1_43' title='bbox 256 992 467 1076; x_wconf 81' lang='lat' dir='ltr'>prudentiore,</span> <span class='ocrx_word' id='word_1_44' title='bbox 490 1013 578 1075; x_wconf 90' lang='lat' dir='ltr'>quam</span> <span class='ocrx_word' id='word_1_45' title='bbox 602 989 673 1055; x_wconf 90' lang='lat' dir='ltr'>alias</span> <span class='ocrx_word' id='word_1_46' title='bbox 701 991 828 1068; x_wconf 81' lang='lat' dir='ltr'>fecerat,</span> <span class='ocrx_word' id='word_1_47' title='bbox 852 989 971 1055; x_wconf 92' lang='lat' dir='ltr'>delectu</span> <span class='ocrx_word' id='word_1_48' title='bbox 998 992 1155 1069; x_wconf 88' lang='lat' dir='ltr'>instituto,</span> <span class='ocrx_word' id='word_1_49' title='bbox 1180 996 1260 1054; x_wconf 87' lang='lat' dir='ltr'>reete</span> 
     </span>
     <span class='ocr_line' id='line_1_7' title="bbox 126 1103 1261 1188; baseline 0.002 -22"><span class='ocrx_word' id='word_1_50' title='bbox 126 1104 188 1167; x_wconf 86' lang='lat' dir='ltr'>sibi</span> <span class='ocrx_word' id='word_1_51' title='bbox 212 1106 451 1169; x_wconf 89' lang='lat' dir='ltr'>circumcidenda</span> <span class='ocrx_word' id='word_1_52' title='bbox 467 1106 583 1169; x_wconf 88' lang='lat' dir='ltr'>curarit</span> <span class='ocrx_word' id='word_1_53' title='bbox 606 1103 800 1168; x_wconf 88' lang='lat' dir='ltr'>Wahlius.</span> <span class='ocrx_word' id='word_1_54' title='bbox 834 1105 905 1180; x_wconf 88' lang='lat' dir='ltr'>Sed,</span> <span class='ocrx_word' id='word_1_55' title='bbox 922 1105 1027 1169; x_wconf 93' lang='lat' dir='ltr'>eodem</span> <span class='ocrx_word' id='word_1_56' title='bbox 1041 1111 1140 1168; x_wconf 89' lang='lat' dir='ltr'>tamen</span> <span class='ocrx_word' id='word_1_57' title='bbox 1159 1105 1261 1188; x_wconf 90' lang='lat' dir='ltr'>judice</span> 
     </span>
    </p>
   </div>
   <div class='ocr_carea' id='block_1_3' title="bbox 127 1218 1262 1303">
    <p class='ocr_par' dir='ltr' id='par_1_3' title="bbox 127 1218 1262 1303">
     <span class='ocr_line' id='line_1_8' title="bbox 127 1218 1262 1303; baseline 0.001 -23"><span class='ocrx_word' id='word_1_58' title='bbox 127 1220 200 1281; x_wconf 80' lang='lat' dir='ltr'>Viro</span> <span class='ocrx_word' id='word_1_59' title='bbox 224 1218 404 1294; x_wconf 85' lang='lat' dir='ltr'>clarissime,</span> <span class='ocrx_word' id='word_1_60' title='bbox 430 1220 570 1283; x_wconf 81' lang='lat' dir='ltr'>arctiores</span> <span class='ocrx_word' id='word_1_61' title='bbox 597 1218 744 1302; x_wconf 89' lang='lat' dir='ltr'>ejusmodi</span> <span class='ocrx_word' id='word_1_62' title='bbox 768 1218 878 1282; x_wconf 91' lang='lat' dir='ltr'>limites</span> <span class='ocrx_word' id='word_1_63' title='bbox 901 1218 983 1283; x_wconf 82' lang='lat' dir='ltr'>Clavi</span> <span class='ocrx_word' id='word_1_64' title='bbox 1006 1240 1116 1303; x_wconf 89' lang='lat' dir='ltr'>ponere</span> <span class='ocrx_word' id='word_1_65' title='bbox 1138 1220 1262 1302; x_wconf 90' lang='lat' dir='ltr'>praesti·</span> 
     </span>
    </p>
   </div>
   <div class='ocr_carea' id='block_1_4' title="bbox 122 1333 1262 4155">
    <p class='ocr_par' dir='ltr' id='par_1_4' title="bbox 124 1333 1262 3130">
     <span class='ocr_line' id='line_1_9' title="bbox 128 1333 1260 1418; baseline 0.002 -22"><span class='ocrx_word' id='word_1_66' title='bbox 128 1340 228 1415; x_wconf 87' lang='grc'><strong>11111,</strong></span> <span class='ocrx_word' id='word_1_67' title='bbox 253 1340 289 1399; x_wconf 89' lang='lat' dir='ltr'>ut</span> <span class='ocrx_word' id='word_1_68' title='bbox 310 1335 368 1410; x_wconf 90' lang='lat' dir='ltr'>iis,</span> <span class='ocrx_word' id='word_1_69' title='bbox 394 1355 470 1418; x_wconf 90' lang='lat' dir='ltr'>quae</span> <span class='ocrx_word' id='word_1_70' title='bbox 495 1337 527 1398; x_wconf 93' lang='lat' dir='ltr'>in</span> <span class='ocrx_word' id='word_1_71' title='bbox 550 1333 636 1398; x_wconf 92' lang='lat' dir='ltr'>nullo</span> <span class='ocrx_word' id='word_1_72' title='bbox 658 1356 719 1398; x_wconf 93' lang='lat' dir='ltr'>non</span> <span class='ocrx_word' id='word_1_73' title='bbox 743 1335 849 1398; x_wconf 86' lang='lat' dir='ltr'>Lexico</span> <span class='ocrx_word' id='word_1_74' title='bbox 874 1334 982 1398; x_wconf 87' lang='lat' dir='ltr'>Graeco</span> <span class='ocrx_word' id='word_1_75' title='bbox 1004 1340 1185 1412; x_wconf 88' lang='lat' dir='ltr'>tractantur,</span> <span class='ocrx_word' id='word_1_76' title='bbox 1210 1356 1260 1398; x_wconf 86' lang='lat' dir='ltr'>ex·</span> 
     </span>
     <span class='ocr_line' id='line_1_10' title="bbox 127 1446 1261 1533; baseline 0.002 -23"><span class='ocrx_word' id='word_1_77' title='bbox 127 1447 239 1525; x_wconf 89' lang='lat' dir='ltr'>elusis,</span> <span class='ocrx_word' id='word_1_78' title='bbox 263 1448 301 1512; x_wconf 90' lang='lat' dir='ltr'>de</span> <span class='ocrx_word' id='word_1_79' title='bbox 331 1447 505 1512; x_wconf 90' lang='lat' dir='ltr'>nominibus</span> <span class='ocrx_word' id='word_1_80' title='bbox 537 1449 685 1533; x_wconf 86' lang='lat' dir='ltr'>imprimis</span> <span class='ocrx_word' id='word_1_81' title='bbox 717 1454 748 1512; x_wconf 91' lang='lat' dir='ltr'>et</span> <span class='ocrx_word' id='word_1_82' title='bbox 778 1446 1046 1533; x_wconf 87' lang='lat' dir='ltr'>praepositionibus</span> <span class='ocrx_word' id='word_1_83' title='bbox 1077 1446 1201 1531; x_wconf 89' lang='lat' dir='ltr'>aliisque</span> <span class='ocrx_word' id='word_1_84' title='bbox 1224 1449 1261 1512; x_wconf 90' lang='lat' dir='ltr'>de</span> 
     </span>
     <span class='ocr_line' id='line_1_11' title="bbox 127 1562 1261 1649; baseline -0.002 -23"><span class='ocrx_word' id='word_1_85' title='bbox 127 1565 274 1626; x_wconf 85' lang='lat' dir='ltr'>orationis</span> <span class='ocrx_word' id='word_1_86' title='bbox 296 1564 450 1647; x_wconf 85' lang='lat' dir='ltr'>particulis</span> <span class='ocrx_word' id='word_1_87' title='bbox 474 1586 535 1627; x_wconf 93' lang='lat' dir='ltr'>non</span> <span class='ocrx_word' id='word_1_88' title='bbox 559 1564 628 1646; x_wconf 89' lang='lat' dir='ltr'>alia,</span> <span class='ocrx_word' id='word_1_89' title='bbox 653 1565 711 1626; x_wconf 87' lang='lat' dir='ltr'>nisi</span> <span class='ocrx_word' id='word_1_90' title='bbox 734 1585 810 1649; x_wconf 89' lang='lat' dir='ltr'>quae</span> <span class='ocrx_word' id='word_1_91' title='bbox 838 1562 885 1627; x_wconf 89' lang='lat' dir='ltr'>his</span> <span class='ocrx_word' id='word_1_92' title='bbox 908 1567 992 1648; x_wconf 88' lang='lat' dir='ltr'>priva</span> <span class='ocrx_word' id='word_1_93' title='bbox 1014 1563 1192 1648; x_wconf 89' lang='lat' dir='ltr'>propriaque</span> <span class='ocrx_word' id='word_1_94' title='bbox 1214 1584 1261 1625; x_wconf 92' lang='lat' dir='ltr'>es-</span> 
     </span>
     <span class='ocr_line' id='line_1_12' title="bbox 125 1676 1261 1762; baseline -0.001 -22"><span class='ocrx_word' id='word_1_95' title='bbox 125 1683 196 1741; x_wconf 90' lang='lat' dir='ltr'>sent</span> <span class='ocrx_word' id='word_1_96' title='bbox 231 1677 427 1762; x_wconf 72' lang='lat' dir='ltr'>apocryphis,</span> <span class='ocrx_word' id='word_1_97' title='bbox 464 1677 593 1742; x_wconf 87' lang='lat' dir='ltr'>breviter</span> <span class='ocrx_word' id='word_1_98' title='bbox 630 1678 826 1742; x_wconf 88' lang='lat' dir='ltr'>traderentur.</span> <span class='ocrx_word' id='word_1_99' title='bbox 874 1680 981 1742; x_wconf 88' lang='lat' dir='ltr'>Verum</span> <span class='ocrx_word' id='word_1_100' title='bbox 1012 1677 1130 1751; x_wconf 87' lang='lat' dir='ltr'>rideat,</span> <span class='ocrx_word' id='word_1_101' title='bbox 1174 1676 1261 1760; x_wconf 90' lang='lat' dir='ltr'>cujus</span> 
     </span>
     <span class='ocr_line' id='line_1_13' title="bbox 125 1788 1262 1876; baseline 0 -22"><span class='ocrx_word' id='word_1_102' title='bbox 125 1793 231 1876; x_wconf 86' lang='lat' dir='ltr'>magni</span> <span class='ocrx_word' id='word_1_103' title='bbox 262 1793 338 1856; x_wconf 88' lang='lat' dir='ltr'>facio</span> <span class='ocrx_word' id='word_1_104' title='bbox 365 1792 534 1875; x_wconf 89' lang='lat' dir='ltr'>judicium,</span> <span class='ocrx_word' id='word_1_105' title='bbox 562 1794 670 1856; x_wconf 85' lang='lat' dir='ltr'>Censor</span> <span class='ocrx_word' id='word_1_106' title='bbox 702 1813 759 1872; x_wconf 91' lang='lat' dir='ltr'>ne,</span> <span class='ocrx_word' id='word_1_107' title='bbox 784 1788 874 1855; x_wconf 86' lang='lat' dir='ltr'>hocce</span> <span class='ocrx_word' id='word_1_108' title='bbox 903 1791 972 1854; x_wconf 90' lang='lat' dir='ltr'>dato</span> <span class='ocrx_word' id='word_1_109' title='bbox 998 1789 1143 1866; x_wconf 89' lang='lat' dir='ltr'>consilio,</span> <span class='ocrx_word' id='word_1_110' title='bbox 1168 1792 1262 1855; x_wconf 89' lang='lat' dir='ltr'>tironi</span> 
     </span>
     <span class='ocr_line' id='line_1_14' title="bbox 126 1904 1261 1992; baseline -0.003 -22"><span class='ocrx_word' id='word_1_111' title='bbox 126 1913 226 1982; x_wconf 88' lang='lat' dir='ltr'>certe,</span> <span class='ocrx_word' id='word_1_112' title='bbox 250 1905 304 1969; x_wconf 90' lang='lat' dir='ltr'>hos</span> <span class='ocrx_word' id='word_1_113' title='bbox 331 1913 467 1970; x_wconf 87' lang='lat' dir='ltr'>accurate</span> <span class='ocrx_word' id='word_1_114' title='bbox 498 1905 668 1992; x_wconf 89' lang='lat' dir='ltr'>intelligere</span> <span class='ocrx_word' id='word_1_115' title='bbox 698 1905 832 1991; x_wconf 91' lang='lat' dir='ltr'>cupienti</span> <span class='ocrx_word' id='word_1_116' title='bbox 863 1904 970 1982; x_wconf 92' lang='lat' dir='ltr'>libros,</span> <span class='ocrx_word' id='word_1_117' title='bbox 1002 1906 1058 1969; x_wconf 91' lang='lat' dir='ltr'>tria</span> <span class='ocrx_word' id='word_1_118' title='bbox 1092 1904 1261 1968; x_wconf 87' lang='lat' dir='ltr'>alternatim</span> 
     </span>
     <span class='ocr_line' id='line_1_15' title="bbox 125 2019 1262 2104; baseline 0.002 -22"><span class='ocrx_word' id='word_1_119' title='bbox 125 2019 258 2082; x_wconf 91' lang='lat' dir='ltr'>adeundi</span> <span class='ocrx_word' id='word_1_120' title='bbox 282 2020 387 2082; x_wconf 84' lang='lat' dir='ltr'>Lexiea</span> <span class='ocrx_word' id='word_1_121' title='bbox 417 2020 623 2083; x_wconf 85' lang='lat' dir='ltr'>necessitatem</span> <span class='ocrx_word' id='word_1_122' title='bbox 649 2020 801 2103; x_wconf 87' lang='lat' dir='ltr'>imponat,</span> <span class='ocrx_word' id='word_1_123' title='bbox 825 2042 954 2103; x_wconf 87' lang='lat' dir='ltr'>quorum</span> <span class='ocrx_word' id='word_1_124' title='bbox 984 2020 1115 2104; x_wconf 86' lang='lat' dir='ltr'>primum</span> <span class='ocrx_word' id='word_1_125' title='bbox 1146 2020 1262 2084; x_wconf 77' lang='grc'><strong>111111·-</strong></span> 
     </span>
     <span class='ocr_line' id='line_1_16' title="bbox 124 2133 1260 2218; baseline 0.003 -22"><span class='ocrx_word' id='word_1_126' title='bbox 124 2156 210 2211; x_wconf 82' lang='lat' dir='ltr'>eom,</span> <span class='ocrx_word' id='word_1_127' title='bbox 238 2133 363 2198; x_wconf 89' lang='lat' dir='ltr'>alterum</span> <span class='ocrx_word' id='word_1_128' title='bbox 385 2136 522 2199; x_wconf 79' lang='lat' dir='ltr'>aeriorem</span> <span class='ocrx_word' id='word_1_129' title='bbox 552 2133 767 2218; x_wconf 82' lang='lat' dir='ltr'>complectatur</span> <span class='ocrx_word' id='word_1_130' title='bbox 791 2136 1003 2210; x_wconf 87' lang='lat' dir='ltr'>Graecitatem,</span> <span class='ocrx_word' id='word_1_131' title='bbox 1027 2136 1152 2199; x_wconf 89' lang='lat' dir='ltr'>tertium</span> <span class='ocrx_word' id='word_1_132' title='bbox 1177 2137 1260 2212; x_wconf 75' lang='lat' dir='ltr'>Apo-</span> 
     </span>
     <span class='ocr_line' id='line_1_17' title="bbox 124 2246 1258 2333; baseline 0.002 -24"><span class='ocrx_word' id='word_1_133' title='bbox 124 2248 237 2330; x_wconf 73' lang='lat' dir='ltr'>crpptc</span> <span class='ocrx_word' id='word_1_134' title='bbox 268 2246 442 2333; x_wconf 83' lang='lat' dir='ltr'>singulatim</span> <span class='ocrx_word' id='word_1_135' title='bbox 462 2254 680 2331; x_wconf 85' lang='lat' dir='ltr'>persequatur.</span> <span class='ocrx_word' id='word_1_136' title='bbox 732 2250 793 2312; x_wconf 90' lang='lat' dir='ltr'>Hoc</span> <span class='ocrx_word' id='word_1_137' title='bbox 816 2247 936 2332; x_wconf 91' lang='lat' dir='ltr'>quidem</span> <span class='ocrx_word' id='word_1_138' title='bbox 968 2246 1108 2311; x_wconf 89' lang='lat' dir='ltr'>lectorem</span> <span class='ocrx_word' id='word_1_139' title='bbox 1133 2253 1258 2332; x_wconf 78' lang='lat' dir='ltr'>spectat.</span> 
     </span>
     <span class='ocr_line' id='line_1_18' title="bbox 125 2359 1258 2446; baseline 0.003 -23"><span class='ocrx_word' id='word_1_140' title='bbox 125 2359 186 2423; x_wconf 87' lang='lat' dir='ltr'>Sed</span> <span class='ocrx_word' id='word_1_141' title='bbox 208 2361 265 2444; x_wconf 87' lang='lat' dir='ltr'>ipsi</span> <span class='ocrx_word' id='word_1_142' title='bbox 288 2361 376 2424; x_wconf 90' lang='lat' dir='ltr'>etiam</span> <span class='ocrx_word' id='word_1_143' title='bbox 400 2360 623 2446; x_wconf 81' lang='lat' dir='ltr'>Lexioographo</span> <span class='ocrx_word' id='word_1_144' title='bbox 646 2383 759 2425; x_wconf 89' lang='lat' dir='ltr'>novum</span> <span class='ocrx_word' id='word_1_145' title='bbox 782 2361 853 2425; x_wconf 90' lang='lat' dir='ltr'>hinc</span> <span class='ocrx_word' id='word_1_146' title='bbox 876 2384 910 2425; x_wconf 91' lang='lat' dir='ltr'>ac</span> <span class='ocrx_word' id='word_1_147' title='bbox 932 2361 1032 2446; x_wconf 51' lang='lat' dir='ltr'>longe¹</span> <span class='ocrx_word' id='word_1_148' title='bbox 1046 2361 1258 2426; x_wconf 88' lang='lat' dir='ltr'>difficillimum</span> 
     </span>
     <span class='ocr_line' id='line_1_19' title="bbox 124 2475 1258 2562; baseline 0 -25"><span class='ocrx_word' id='word_1_149' title='bbox 124 2480 298 2539; x_wconf 88' lang='lat' dir='ltr'>nasceretur</span> <span class='ocrx_word' id='word_1_150' title='bbox 321 2477 469 2554; x_wconf 90' lang='lat' dir='ltr'>officium,</span> <span class='ocrx_word' id='word_1_151' title='bbox 491 2481 666 2560; x_wconf 90' lang='lat' dir='ltr'>anteaquam</span> <span class='ocrx_word' id='word_1_152' title='bbox 690 2499 765 2561; x_wconf 90' lang='lat' dir='ltr'>opus</span> <span class='ocrx_word' id='word_1_153' title='bbox 781 2477 1002 2562; x_wconf 84' lang='lat' dir='ltr'>aggrederetur,</span> <span class='ocrx_word' id='word_1_154' title='bbox 1029 2475 1201 2558; x_wconf 87' lang='lat' dir='ltr'>inquirendi</span> <span class='ocrx_word' id='word_1_155' title='bbox 1224 2495 1258 2538; x_wconf 90' lang='lat' dir='ltr'>ac</span> 
     </span>
     <span class='ocr_line' id='line_1_20' title="bbox 125 2588 1256 2675; baseline 0 -23"><span class='ocrx_word' id='word_1_156' title='bbox 125 2588 292 2652; x_wconf 90' lang='lat' dir='ltr'>definiendi</span> <span class='ocrx_word' id='word_1_157' title='bbox 315 2610 391 2672; x_wconf 92' lang='lat' dir='ltr'>quae</span> <span class='ocrx_word' id='word_1_158' title='bbox 414 2591 536 2654; x_wconf 89' lang='lat' dir='ltr'>nomina</span> <span class='ocrx_word' id='word_1_159' title='bbox 558 2591 619 2655; x_wconf 89' lang='lat' dir='ltr'>sint</span> <span class='ocrx_word' id='word_1_160' title='bbox 642 2612 675 2654; x_wconf 89' lang='grc'>11</span> <span class='ocrx_word' id='word_1_161' title='bbox 698 2590 786 2655; x_wconf 88' lang='lat' dir='ltr'>verba</span> <span class='ocrx_word' id='word_1_162' title='bbox 805 2590 937 2675; x_wconf 90' lang='lat' dir='ltr'>aliaeque</span> <span class='ocrx_word' id='word_1_163' title='bbox 967 2591 1114 2655; x_wconf 90' lang='lat' dir='ltr'>orationes</span> <span class='ocrx_word' id='word_1_164' title='bbox 1147 2596 1256 2674; x_wconf 87' lang='lat' dir='ltr'>partes,</span> 
     </span>
     <span class='ocr_line' id='line_1_21' title="bbox 125 2702 1259 2789; baseline 0.004 -25"><span class='ocrx_word' id='word_1_165' title='bbox 125 2724 202 2785; x_wconf 90' lang='lat' dir='ltr'>quae</span> <span class='ocrx_word' id='word_1_166' title='bbox 223 2723 371 2785; x_wconf 89' lang='lat' dir='ltr'>nusquam</span> <span class='ocrx_word' id='word_1_167' title='bbox 393 2702 476 2779; x_wconf 88' lang='lat' dir='ltr'>alibi,</span> <span class='ocrx_word' id='word_1_168' title='bbox 494 2725 641 2787; x_wconf 88' lang='lat' dir='ltr'>nusquam</span> <span class='ocrx_word' id='word_1_169' title='bbox 665 2711 745 2769; x_wconf 89' lang='lat' dir='ltr'>certe</span> <span class='ocrx_word' id='word_1_170' title='bbox 767 2706 883 2781; x_wconf 91' lang='lat' dir='ltr'>eodem,</span> <span class='ocrx_word' id='word_1_171' title='bbox 902 2727 962 2789; x_wconf 93' lang='lat' dir='ltr'>quo</span> <span class='ocrx_word' id='word_1_172' title='bbox 985 2705 1048 2785; x_wconf 84' lang='lat' dir='ltr'>hle,</span> <span class='ocrx_word' id='word_1_173' title='bbox 1068 2727 1125 2769; x_wconf 91' lang='lat' dir='ltr'>usu</span> <span class='ocrx_word' id='word_1_174' title='bbox 1148 2706 1259 2789; x_wconf 89' lang='lat' dir='ltr'>scripta</span> 
     </span>
     <span class='ocr_line' id='line_1_22' title="bbox 124 2818 1256 2903; baseline 0.001 -22"><span class='ocrx_word' id='word_1_175' title='bbox 124 2821 284 2881; x_wconf 86' lang='lat' dir='ltr'>exstarent.</span> <span class='ocrx_word' id='word_1_176' title='bbox 333 2818 398 2890; x_wconf 80' lang='lat' dir='ltr'>Qua</span> <span class='ocrx_word' id='word_1_177' title='bbox 421 2819 553 2900; x_wconf 86' lang='lat' dir='ltr'>profecto</span> <span class='ocrx_word' id='word_1_178' title='bbox 576 2819 613 2882; x_wconf 92' lang='lat' dir='ltr'>de</span> <span class='ocrx_word' id='word_1_179' title='bbox 636 2839 667 2882; x_wconf 90' lang='lat' dir='ltr'>re</span> <span class='ocrx_word' id='word_1_180' title='bbox 690 2841 779 2882; x_wconf 93' lang='lat' dir='ltr'>nemo</span> <span class='ocrx_word' id='word_1_181' title='bbox 801 2820 971 2903; x_wconf 78' lang='lat' dir='ltr'>quisquam,</span> <span class='ocrx_word' id='word_1_182' title='bbox 997 2821 1056 2883; x_wconf 91' lang='lat' dir='ltr'>nisi</span> <span class='ocrx_word' id='word_1_183' title='bbox 1079 2820 1133 2902; x_wconf 92' lang='lat' dir='ltr'>qui</span> <span class='ocrx_word' id='word_1_184' title='bbox 1156 2820 1256 2883; x_wconf 91' lang='lat' dir='ltr'>omnia</span> 
     </span>
     <span class='ocr_line' id='line_1_23' title="bbox 124 2930 1259 3019; baseline 0.004 -27"><span class='ocrx_word' id='word_1_185' title='bbox 124 2930 233 3016; x_wconf 87' lang='lat' dir='ltr'>plane,</span> <span class='ocrx_word' id='word_1_186' title='bbox 259 2951 334 3012; x_wconf 90' lang='lat' dir='ltr'>quae</span> <span class='ocrx_word' id='word_1_187' title='bbox 357 2952 462 2996; x_wconf 90' lang='lat' dir='ltr'>aevum</span> <span class='ocrx_word' id='word_1_188' title='bbox 481 2930 630 3013; x_wconf 88' lang='lat' dir='ltr'>tulerunt,</span> <span class='ocrx_word' id='word_1_189' title='bbox 654 2939 790 2997; x_wconf 89' lang='lat' dir='ltr'>accurate</span> <span class='ocrx_word' id='word_1_190' title='bbox 813 2933 932 3019; x_wconf 88' lang='lat' dir='ltr'>legisset</span> <span class='ocrx_word' id='word_1_191' title='bbox 953 2942 1041 3018; x_wconf 89' lang='lat' dir='ltr'>atque</span> <span class='ocrx_word' id='word_1_192' title='bbox 1064 2935 1259 3017; x_wconf 83' lang='lat' dir='ltr'>excerpsisset</span> 
     </span>
     <span class='ocr_line' id='line_1_24' title="bbox 126 3046 994 3130; baseline 0.001 -20"><span class='ocrx_word' id='word_1_193' title='bbox 126 3047 305 3111; x_wconf 89' lang='lat' dir='ltr'>Graecorum</span> <span class='ocrx_word' id='word_1_194' title='bbox 328 3047 450 3130; x_wconf 89' lang='lat' dir='ltr'>scripta,</span> <span class='ocrx_word' id='word_1_195' title='bbox 476 3051 590 3110; x_wconf 85' lang='lat' dir='ltr'>certum</span> <span class='ocrx_word' id='word_1_196' title='bbox 614 3046 689 3108; x_wconf 84' lang='lat' dir='ltr'>ferre</span> <span class='ocrx_word' id='word_1_197' title='bbox 713 3051 812 3130; x_wconf 87' lang='lat' dir='ltr'>posset</span> <span class='ocrx_word' id='word_1_198' title='bbox 830 3046 994 3129; x_wconf 88' lang='lat' dir='ltr'>judicium.</span> 
     </span>
    </p>

    <p class='ocr_par' dir='ltr' id='par_1_5' title="bbox 122 3157 1257 4155">
     <span class='ocr_line' id='line_1_25' title="bbox 173 3157 1256 3245; baseline 0.002 -23"><span class='ocrx_word' id='word_1_199' title='bbox 173 3162 278 3224; x_wconf 87' lang='lat' dir='ltr'>Verum</span> <span class='ocrx_word' id='word_1_200' title='bbox 302 3159 373 3223; x_wconf 88' lang='lat' dir='ltr'>alias</span> <span class='ocrx_word' id='word_1_201' title='bbox 397 3181 558 3224; x_wconf 89' lang='lat' dir='ltr'>memorare</span> <span class='ocrx_word' id='word_1_202' title='bbox 582 3157 660 3222; x_wconf 92' lang='lat' dir='ltr'>nihil</span> <span class='ocrx_word' id='word_1_203' title='bbox 682 3159 807 3235; x_wconf 89' lang='lat' dir='ltr'>attinet,</span> <span class='ocrx_word' id='word_1_204' title='bbox 831 3159 918 3243; x_wconf 90' lang='lat' dir='ltr'>cnjus</span> <span class='ocrx_word' id='word_1_205' title='bbox 941 3161 1087 3243; x_wconf 89' lang='lat' dir='ltr'>ejusmodi</span> <span class='ocrx_word' id='word_1_206' title='bbox 1110 3182 1256 3245; x_wconf 87' lang='lat' dir='ltr'>premere·</span> 
     </span>
     <span class='ocr_line' id='line_1_26' title="bbox 124 3271 1254 3357; baseline 0.002 -22"><span class='ocrx_word' id='word_1_207' title='bbox 124 3277 177 3335; x_wconf 90' lang='lat' dir='ltr'>tur</span> <span class='ocrx_word' id='word_1_208' title='bbox 200 3272 387 3347; x_wconf 82' lang='lat' dir='ltr'>institutum,</span> <span class='ocrx_word' id='word_1_209' title='bbox 414 3271 613 3336; x_wconf 82' lang='lat' dir='ltr'>difficultates</span> <span class='ocrx_word' id='word_1_210' title='bbox 649 3275 722 3336; x_wconf 93' lang='lat' dir='ltr'>Nam</span> <span class='ocrx_word' id='word_1_211' title='bbox 746 3279 776 3336; x_wconf 88' lang='lat' dir='ltr'>et</span> <span class='ocrx_word' id='word_1_212' title='bbox 797 3273 958 3357; x_wconf 88' lang='lat' dir='ltr'>praeclari,</span> <span class='ocrx_word' id='word_1_213' title='bbox 981 3296 1057 3357; x_wconf 89' lang='lat' dir='ltr'>quos</span> <span class='ocrx_word' id='word_1_214' title='bbox 1079 3275 1254 3351; x_wconf 87' lang='lat' dir='ltr'>memoravi,</span> 
     </span>
     <span class='ocr_line' id='line_1_27' title="bbox 124 3384 1257 3473; baseline 0.002 -24"><span class='ocrx_word' id='word_1_215' title='bbox 124 3387 282 3449; x_wconf 88' lang='lat' dir='ltr'>Duumviri</span> <span class='ocrx_word' id='word_1_216' title='bbox 314 3392 345 3450; x_wconf 92' lang='lat' dir='ltr'>et</span> <span class='ocrx_word' id='word_1_217' title='bbox 376 3384 448 3461; x_wconf 92' lang='lat' dir='ltr'>alii,</span> <span class='ocrx_word' id='word_1_218' title='bbox 474 3385 598 3468; x_wconf 88' lang='lat' dir='ltr'>quibis</span> <span class='ocrx_word' id='word_1_219' title='bbox 631 3387 669 3450; x_wconf 89' lang='lat' dir='ltr'>de</span> <span class='ocrx_word' id='word_1_220' title='bbox 697 3386 786 3451; x_wconf 89' lang='lat' dir='ltr'>rebus</span> <span class='ocrx_word' id='word_1_221' title='bbox 816 3388 951 3471; x_wconf 90' lang='lat' dir='ltr'>judicare</span> <span class='ocrx_word' id='word_1_222' title='bbox 985 3395 1127 3473; x_wconf 84' lang='lat' dir='ltr'>possunt,</span> <span class='ocrx_word' id='word_1_223' title='bbox 1152 3389 1257 3454; x_wconf 86' lang='lat' dir='ltr'>arbitri</span> 
     </span>
     <span class='ocr_line' id='line_1_28' title="bbox 125 3499 1256 3586; baseline 0.006 -25"><span class='ocrx_word' id='word_1_224' title='bbox 125 3501 235 3583; x_wconf 75' lang='lat' dir='ltr'>magn-t</span> <span class='ocrx_word' id='word_1_225' title='bbox 258 3500 417 3563; x_wconf 73' lang='grc'><strong>1111111111</strong></span> <span class='ocrx_word' id='word_1_226' title='bbox 440 3500 476 3563; x_wconf 91' lang='lat' dir='ltr'>de</span> <span class='ocrx_word' id='word_1_227' title='bbox 498 3499 620 3564; x_wconf 88' lang='lat' dir='ltr'>meliore</span> <span class='ocrx_word' id='word_1_228' title='bbox 647 3505 720 3566; x_wconf 75' lang='lat' dir='ltr'>nott</span> <span class='ocrx_word' id='word_1_229' title='bbox 742 3524 871 3586; x_wconf 88' lang='lat' dir='ltr'>perenne</span> <span class='ocrx_word' id='word_1_230' title='bbox 894 3502 951 3566; x_wconf 94' lang='lat' dir='ltr'>hoc</span> <span class='ocrx_word' id='word_1_231' title='bbox 973 3503 1125 3568; x_wconf 88' lang='lat' dir='ltr'>doctrinae</span> <span class='ocrx_word' id='word_1_232' title='bbox 1149 3504 1256 3570; x_wconf 83' lang='lat' dir='ltr'>Wah·</span> 
     </span>
     <span class='ocr_line' id='line_1_29' title="bbox 124 3611 1255 3704; baseline 0.007 -30"><span class='ocrx_word' id='word_1_233' title='bbox 124 3611 257 3676; x_wconf 92' lang='lat' dir='ltr'>lianae</span> <span class='ocrx_word' id='word_1_234' title='bbox 289 3620 517 3678; x_wconf 90' lang='lat' dir='ltr'>monumentum</span> <span class='ocrx_word' id='word_1_235' title='bbox 548 3615 816 3679; x_wconf 90' lang='lat' dir='ltr'>commendandum</span> <span class='ocrx_word' id='word_1_236' title='bbox 841 3618 1021 3682; x_wconf 89' lang='lat' dir='ltr'>existimant.</span> <span class='ocrx_word' id='word_1_237' title='bbox 1068 3618 1160 3702; x_wconf 81' lang='lat' dir='ltr'>Cujus</span> <span class='ocrx_word' id='word_1_238' title='bbox 1186 3640 1255 3704; x_wconf 91' lang='lat' dir='ltr'>pro·</span> 
     </span>
     <span class='ocr_line' id='line_1_30' title="bbox 123 3725 1255 3813; baseline 0.008 -25"><span class='ocrx_word' id='word_1_239' title='bbox 123 3725 214 3805; x_wconf 92' lang='lat' dir='ltr'>fecto,</span> <span class='ocrx_word' id='word_1_240' title='bbox 240 3730 376 3810; x_wconf 90' lang='lat' dir='ltr'>quamvis</span> <span class='ocrx_word' id='word_1_241' title='bbox 404 3750 465 3792; x_wconf 94' lang='lat' dir='ltr'>non</span> <span class='ocrx_word' id='word_1_242' title='bbox 489 3728 571 3792; x_wconf 91' lang='lat' dir='ltr'>nulla</span> <span class='ocrx_word' id='word_1_243' title='bbox 595 3728 700 3794; x_wconf 87' lang='lat' dir='ltr'>habeat</span> <span class='ocrx_word' id='word_1_244' title='bbox 723 3729 867 3794; x_wconf 90' lang='lat' dir='ltr'>humanae</span> <span class='ocrx_word' id='word_1_245' title='bbox 889 3733 1045 3797; x_wconf 87' lang='lat' dir='ltr'>tenuitatis</span> <span class='ocrx_word' id='word_1_246' title='bbox 1066 3732 1196 3813; x_wconf 88' lang='lat' dir='ltr'>indicia,</span> <span class='ocrx_word' id='word_1_247' title='bbox 1221 3756 1255 3797; x_wconf 92' lang='lat' dir='ltr'>ea</span> 
     </span>
     <span class='ocr_line' id='line_1_31' title="bbox 123 3839 1255 3929; baseline 0.007 -27"><span class='ocrx_word' id='word_1_248' title='bbox 123 3845 169 3903; x_wconf 87' lang='lat' dir='ltr'>est</span> <span class='ocrx_word' id='word_1_249' title='bbox 192 3839 309 3905; x_wconf 85' lang='lat' dir='ltr'>utilitas</span> <span class='ocrx_word' id='word_1_250' title='bbox 338 3863 371 3905; x_wconf 90' lang='lat' dir='ltr'>ac</span> <span class='ocrx_word' id='word_1_251' title='bbox 394 3845 590 3927; x_wconf 89' lang='lat' dir='ltr'>praestantia,</span> <span class='ocrx_word' id='word_1_252' title='bbox 614 3848 650 3907; x_wconf 90' lang='lat' dir='ltr'>ut</span> <span class='ocrx_word' id='word_1_253' title='bbox 678 3843 753 3908; x_wconf 89' lang='lat' dir='ltr'>nulli</span> <span class='ocrx_word' id='word_1_254' title='bbox 778 3844 948 3909; x_wconf 89' lang='lat' dir='ltr'>dubitemus</span> <span class='ocrx_word' id='word_1_255' title='bbox 979 3847 1128 3929; x_wconf 89' lang='lat' dir='ltr'>quindiu</span> <span class='ocrx_word' id='word_1_256' title='bbox 1153 3847 1255 3912; x_wconf 89' lang='lat' dir='ltr'>multis</span> 
     </span>
     <span class='ocr_line' id='line_1_32' title="bbox 122 3955 1254 4045; baseline 0.01 -30"><span class='ocrx_word' id='word_1_257' title='bbox 122 3955 350 4036; x_wconf 81' lang='lat' dir='ltr'>superfuturum</span> <span class='ocrx_word' id='word_1_258' title='bbox 373 3956 424 4037; x_wconf 87' lang='lat' dir='ltr'>sit,</span> <span class='ocrx_word' id='word_1_259' title='bbox 450 3957 502 4040; x_wconf 91' lang='lat' dir='ltr'>qui</span> <span class='ocrx_word' id='word_1_260' title='bbox 526 3978 622 4040; x_wconf 91' lang='lat' dir='ltr'>nuper</span> <span class='ocrx_word' id='word_1_261' title='bbox 646 3962 821 4045; x_wconf 72' lang='lat' dir='ltr'>Apoerppho</span> <span class='ocrx_word' id='word_1_262' title='bbox 844 3960 891 4024; x_wconf 92' lang='lat' dir='ltr'>vel</span> <span class='ocrx_word' id='word_1_263' title='bbox 913 3960 1076 4025; x_wconf 65' lang='lat' dir='ltr'>laudarunt</span> <span class='ocrx_word' id='word_1_264' title='bbox 1099 3960 1144 4026; x_wconf 90' lang='lat' dir='ltr'>vel</span> <span class='ocrx_word' id='word_1_265' title='bbox 1173 3962 1254 4026; x_wconf 90' lang='lat' dir='ltr'>vitu-</span> 
     </span>
     <span class='ocr_line' id='line_1_33' title="bbox 122 4068 757 4155; baseline 0.014 -27"><span class='ocrx_word' id='word_1_266' title='bbox 122 4069 279 4150; x_wconf 76' lang='lat' dir='ltr'>perrtrnnt,</span> <span class='ocrx_word' id='word_1_267' title='bbox 304 4068 413 4134; x_wconf 87' lang='lat' dir='ltr'>libellis</span> <span class='ocrx_word' id='word_1_268' title='bbox 436 4093 469 4134; x_wconf 91' lang='lat' dir='ltr'>ac</span> <span class='ocrx_word' id='word_1_269' title='bbox 493 4071 757 4155; x_wconf 86' lang='lat' dir='ltr'>disputationibus.</span> 
     </span>
    </p>
   </div>
   <div class='ocr_carea' id='block_1_5' title="bbox 621 4366 750 4387">
    <p class='ocr_par' dir='ltr' id='par_1_6' title="bbox 621 4366 750 4387">
     <span class='ocr_line' id='line_1_34' title="bbox 621 4366 750 4387; baseline 0.016 -5"><span class='ocrx_word' id='word_1_270' title='bbox 621 4366 750 4387; x_wconf 54' lang='lat' dir='ltr'>*vm—.-</span> 
     </span>
    </p>
   </div>
   <div class='ocr_carea' id='block_1_6' title="bbox 0 0 1396 4958">
    <p class='ocr_par' dir='ltr' id='par_1_7' title="bbox 0 0 1396 4958">
     <span class='ocr_line' id='line_1_35' title="bbox 0 0 1396 4958; baseline 0 0"><span class='ocrx_word' id='word_1_271' title='bbox 0 0 1396 4958; x_wconf 95' lang='lat' dir='ltr'> </span> 
     </span>
    </p>
   </div>
  </div>
 </body>
</html>
