2782 4958
128 358 170 415 St
605 373 761 417 irancuum

130 540 312 606 censendum
336 545 393 619 est,
412 540 576 604 eorundem
599 540 719 604 illorum
738 540 1050 606 Thessalonicensium
1072 541 1172 607 olium
1191 546 1263 612 ulo·

66 697 71 708 ·
129 683 183 725 rau
206 657 307 733 fuisse,
325 676 415 740 quam
437 656 497 740 piis
519 653 660 739 precibus
682 662 931 720 commemoraret
952 656 1128 741 Apostolus,
1151 656 1260 733 otium,

17 829 21 835 .
129 771 166 833 de
189 773 250 854 qud
272 769 350 854 apud
373 769 442 833 fidei
474 770 571 833 socios
593 769 780 835 exsultaret?
824 771 904 834 Cum
928 773 1105 855 praesertim
1129 777 1264 856 captatae

127 906 181 968 per
211 886 372 968 repetitum
404 881 538 967 ejusdem
569 885 653 947 vocis
682 905 771 949 usum
801 885 1008 971 ambiguitatis
1041 908 1080 949 nc
1104 887 1264 952 minimum

127 998 249 1082 quidem
272 1004 411 1084 appareat
434 999 613 1083 vestigium.

172 1115 322 1200 Equidem
344 1136 405 1178 non
429 1114 517 1179 vidco
538 1114 645 1198 quidni
664 1114 832 1199 inopom,
857 1115 1026 1180 mutuatio
1047 1114 1139 1180 rebus
1158 1116 1193 1185 iu
1211 1114 1263 1179 ad·

127 1231 242 1306 versis,
277 1234 308 1293 et
337 1233 470 1304 πίστις,
488 1229 572 1314 fldea
602 1227 726 1292 Christo
749 1227 871 1307 habita,
904 1230 947 1293 ita
970 1231 1157 1314 conjunctim
1181 1229 1263 1294 cele·

126 1343 206 1408 brari
229 1344 358 1428 possint,
374 1344 459 1407 utin
481 1340 539 1406 hac
561 1342 644 1406 illam
666 1342 786 1406 fundari
809 1349 958 1427 appareat.
984 1331 1083 1415 Quam
1099 1346 1261 1418 rationem,

125 1480 181 1521 nec
203 1457 369 1522 Schotto
394 1455 595 1542 improbante,
619 1457 747 1541 praeivit
769 1457 958 1523 Flattius.
980 1496 1023 1506 -
1038 1458 1184 1524 Priorem
1199 1467 1263 1524 tum

126 1573 346 1636 memorandam
369 1572 461 1635 fnisse
478 1578 537 1655 τὴν
557 1575 669 1640 πίστιν
686 1571 712 1634 si
733 1571 811 1635 forte
829 1570 974 1655 objicias;
1000 1595 1062 1637 non
1077 1572 1164 1638 deist
1182 1573 1263 1658 quod

125 1707 276 1769 reponam.
323 1686 433 1770 Neque
459 1686 539 1748 enim
562 1685 609 1748 vel
640 1666 856 1769 elegantissimi
887 1683 1076 1751 Graecorum
1108 1687 1262 1752 Romano·

126 1821 254 1884 rumque
277 1801 438 1885 scriptores
461 1821 577 1884 semper
597 1803 628 1862 et
648 1798 761 1882 ubique
777 1821 840 1863 eam
858 1801 1020 1883 quaesiisse
1035 1801 1264 1886 deprehendun-

126 1921 177 1979 tur
200 1915 385 1980 dialecticam
410 1912 620 1992 subtilitatem,
647 1918 682 1978 nt
704 1915 784 1997 quod
808 1921 934 1978 naturae
956 1913 1003 1978 vel
1027 1914 1190 2000 dignitatis
1216 1912 1265 1979 rel

126 2030 270 2113 temporis
300 2030 408 2094 ordine
433 2027 646 2112 praecederet,
679 2027 712 2091 id
740 2028 840 2112 ipsum
871 2029 1017 2106 caeteris,
1053 2048 1129 2112 quae
1159 2029 1263 2092 eodem

125 2145 283 2208 enuntiato
306 2142 464 2228 complecti
487 2141 615 2218 vellent,
638 2139 806 2220 vocabulis,
828 2142 1083 2226 praemittendum
1106 2145 1260 2206 curarent.

126 2255 225 2342 Cujus
245 2258 318 2337 rei,
344 2257 482 2341 quamvis
512 2263 612 2335 notae,
638 2254 710 2319 bina
737 2258 844 2321 afferre
866 2257 965 2335 liceat,
991 2277 1067 2340 quae
1090 2256 1149 2320 alia
1171 2267 1263 2340 quae·

127 2374 205 2438 renti
229 2378 337 2458 sponte
359 2372 434 2436 mihi
460 2394 492 2436 se
514 2370 704 2446 obtulerunt,
730 2370 874 2456 exempla.
920 2370 1043 2443 Quibus
1068 2372 1177 2436 moniti
1201 2392 1263 2435 nou

126 2489 224 2572 magis
253 2492 397 2572 argutos,
421 2508 510 2571 quam
534 2508 598 2550 ease
621 2486 773 2550 voluerint
795 2487 865 2570 ipsi,
891 2487 938 2551 vel
962 2491 1081 2550 exteros
1103 2485 1194 2549 nobis
1216 2487 1261 2550 fa·

126 2578 249 2665 ciendos
272 2624 335 2665 esse
357 2602 518 2684 scriptores
541 2599 588 2665 vel
615 2622 714 2664 saeros
741 2601 890 2664 discamus
913 2606 1039 2686 oportet.
1077 2602 1263 2685 Nuperrime

126 2716 232 2800 igitur,
260 2713 312 2779 ubi
341 2714 496 2780 Ciceronis
516 2713 666 2798 legebam,
691 2735 765 2798 quas
789 2714 891 2778 sedatu
914 2736 985 2779 eum
1010 2721 1108 2778 mente
1131 2715 1261 2800 diligen·

55 2804 59 2809 ⁵
126 2832 174 2892 ter
197 2831 375 2893 retractdsss
396 2829 546 2907 norimus,
573 2829 726 2891 muriooca
758 2828 911 2903 Vccrinue,
936 2828 969 2891 in
992 2827 1050 2891 hoc
1070 2829 1148 2892 forte
1167 2829 1261 2892 incidi

64 2931 70 2936 ’
126 2941 209 3007 illius
227 2942 360 3007 dictum:
381 2971 396 2998 a
410 2943 554 3018 Vei-rear
578 2943 696 3025 inquit,
722 2943 940 3007 »hereditatem
962 2944 1024 3006 cibi
1045 2945 1158 3009 nonime
1176 2945 1262 3009 arbi·

60 3081 62 3087 ’
126 3066 242 3122 »tcotua
258 3067 309 3132 eat,
330 3059 410 3143 quod
432 3059 465 3122 iu
484 3057 547 3144 ojus
567 3078 695 3142 coquum
715 3079 751 3120 oc
766 3048 875 3121 mous
894 3067 1016 3121 cannot
1035 3058 1073 3136 ia,
1095 3079 1184 3142 wem
1207 3063 1262 3123 iate

127 3182 176 3237 »ec
195 3172 330 3237 andierat
349 3172 447 3236 multo
468 3193 565 3236 eccum
583 3170 751 3257 praeclaro
769 3171 879 3236 lactere
897 3181 924 3236 ct
940 3169 1149 3256 suspicabatur
1170 3173 1183 3260 (
1188 3173 1261 3258 1).”

126 3287 175 3350 Ita
201 3286 327 3352 Tullius,
376 3285 439 3358 Qui
463 3285 609 3370 profecto,
635 3285 661 3348 si
685 3283 722 3349 ab
742 3283 899 3348 hodiernis
912 3284 988 3350 bene
1003 3285 1156 3351 scribendi
1175 3310 1262 3372 prae-

127 3407 211 3487 cepta
233 3402 416 3487 percepisset
438 3400 671 3479 Grammaticis,
702 3400 824 3462 inverso
846 3399 1060 3464 vocabulorum
1082 3401 1209 3469 ordine:
1236 3414 1265 3469 u

127 3517 340 3602 auspicabatur
367 3527 395 3581 ct
424 3517 586 3593 audierat,
617 3515 718 3579 dicere
747 3512 900 3578 debuerat.
947 3513 1099 3579 Minorem
1122 3516 1206 3580 enim
1229 3537 1264 3582 ae

127 3627 276 3694 leviorem
302 3633 346 3695 rei
378 3629 580 3715 suspicionem
610 3649 675 3691 esse
704 3648 793 3712 quam
820 3627 983 3708 nuntium,
1009 3649 1099 3712 quem
1127 3651 1144 3693 a
1175 3631 1264 3697 testi·

129 3743 186 3807 bns
208 3750 366 3829 acceptum
390 3745 537 3819 euclionis,
560 3764 663 3807 omues
684 3742 872 3829 intelligunt.
896 3780 938 3790 -
963 3742 1103 3807 Alterum
1124 3765 1188 3809 non
1211 3768 1263 3811 ac-

128 3859 332 3924 curatissimae
362 3856 523 3922 verborum
553 3858 775 3921 consecutionis
799 3857 857 3920 hoc
878 3855 967 3920 nobis
989 3858 1160 3942 exemplum
1182 3867 1261 3927 esto.

130 3969 252 4035 Eiidem
274 3972 409 4035 oratione
440 3972 588 4052 Voccinet,
621 3974 712 4036 modo
733 3979 820 4037 autea
843 3971 916 4036 haec
939 3974 1065 4037 eundem
1088 3981 1263 4042 narrantem

128 4085 266 4149 audimus
281 4085 471 4160 Ciceronem,
496 4078 639 4152 Autio'cbi
656 4088 750 4174 Rapio
759 4088 847 4173 fitioo
867 4087 975 4174 Syriae
993 4109 1119 4172 coquum
1136 4100 1264 4174 epatre

129 4210 158 4264 ct
179 4224 204 4289 o¹
223 4201 391 4285 majoribus
415 4203 571 4287 occepisse.
605 4201 708 4273 *Quod
731 4204 830 4287 ipsum
849 4203 966 4268 dictum
985 4207 1212 4287 praeposterum
1235 4207 1262 4269 si

121 4340 269 4350 -ο-...ω-

49 4452 62 4463 ·
167 4436 206 4498 (l)
225 4434 257 4484 Iu
280 4396 385 4495 Verrem,
406 4435 460 4487 Lib.
478 4438 528 4488 IV.
547 4443 587 4488 27.
