2782 4958
125 298 190 364 136
517 317 558 362 os
581 315 681 362 noras
703 316 869 375 naroncrrs

128 483 281 560 mortales,
307 483 386 547 vitae
408 483 513 548 docuit
536 484 648 549 exitus.
697 484 779 550 Nam
805 490 835 548 et
864 488 1014 569 postrema
1045 484 1158 569 scripta
1180 505 1255 548 eun·

130 599 210 675 dem,
235 617 323 681 quem
345 596 445 682 priora
471 598 584 678 omnia,
608 599 772 662 Auctorem
796 603 940 683 arguunt,
973 603 1005 662 et
1032 603 1255 676 testamentum,

129 734 189 796 quo
216 709 419 792 Germanicia,
444 714 498 798 qni
521 713 659 786 audiunt,
688 711 851 777 Catholicis
874 711 1021 776 bonorum
1043 719 1160 797 partem
1182 712 1259 797 lega·

129 828 187 909 vit,
214 835 397 915 quantopere
419 830 458 893 iis
480 830 605 906 faveret,
624 848 699 910 quos
722 826 780 890 sibi
804 827 980 912 placitorum
1004 827 1175 890 similitudo
1190 849 1260 890 oon-

7 1002 11 1007 .
132 944 275 1021 cilitsset,
301 943 443 1008 omnibus
465 941 598 1006 ostendit
620 940 806 1026 aequalibus.

175 1060 278 1143 Atque
311 1058 404 1134 haec,
440 1058 578 1142 quamvis
610 1077 705 1140 pauca
738 1078 772 1120 ac
806 1056 929 1136 monia,
965 1057 1002 1120 de
1032 1056 1182 1141 longaevt
1209 1055 1262 1119 illt

131 1172 245 1237 Pauli
275 1173 339 1237 vita
369 1172 451 1236 diota
478 1171 639 1236 sufficiant.
688 1169 767 1235 Nam
789 1171 899 1254 scripta
920 1190 1096 1234 enumerare
1126 1190 1204 1244 neo,
1237 1170 1262 1232 si

131 1285 242 1368 velim,
274 1307 409 1372 possem,
446 1287 557 1371 quippe
589 1305 717 1369 qnorum
751 1283 915 1349 multitudo
950 1286 1138 1367 varietasque
1167 1284 1264 1368 ipsius

132 1401 258 1465 sortasse
280 1397 616 1464 Bretschneideri
638 1398 825 1463 fertilitatem
847 1397 1044 1482 superaverit3
1067 1417 1136 1476 nec,
1157 1397 1265 1480 sipos

132 1535 206 1591 sem,
232 1513 334 1590 velim,
360 1514 471 1598 qnippe
494 1514 580 1597 cujus
603 1514 786 1578 recensionis
801 1511 947 1576 ambitum
964 1511 1121 1575 institutae
1138 1510 1265 1595 hujusce

131 1629 303 1714 scriptionis
332 1627 463 1692 brevitas
491 1650 553 1691 non
583 1629 707 1712 capiat·
740 1628 808 1692 Nec
836 1617 925 1711 quae*
944 1628 981 1690 de
1003 1626 1086 1701 Viri,
1121 1631 1171 1690 tot
1192 1626 1265 1690 olim

130 1739 271 1806 laudibus
293 1741 376 1821 elati,
403 1749 477 1826 quot
500 1749 601 1827 postea
624 1741 749 1806 vocibus
772 1742 945 1827 vituperati,
963 1742 1034 1804 fatis
1056 1740 1265 1825 atque‘indole

133 1857 294 1919 resciscere
306 1857 504 1941 cupieramus,
520 1878 575 1920 nos
590 1856 699 1934 adhuc,
721 1858 774 1942 qui
789 1861 938 1941 poterant,
957 1855 1139 1919 docuerunt.
1179 1853 1266 1926 Quae

133 1991 205 2036 vero
235 1969 309 2035 hora
339 1971 405 2056 ejus
434 1970 546 2036 elatum
576 1972 655 2035 vidit
680 1972 792 2048 funus,
825 1970 927 2034 eadem
954 1974 1065 2054 quanta
1095 1975 1266 2054 temporum

135 2088 290 2152 conversio
313 2087 479 2152 exstitisset
506 2093 537 2150 et
552 2092 663 2171 quanta
685 2086 900 2150 nonnullorum
924 2084 1070 2150 acerbitas
1085 2092 1168 2148 essct
1188 2085 1266 2149 clare

135 2199 365 2263 demonstravit.
427 2197 571 2284 Sepuloro
605 2199 704 2271 enim,
744 2199 776 2261 ni
813 2198 919 2274 fallor,
963 2198 1082 2261 adstans
1120 2198 1267 2262 Daniel

133 2312 417 2388 Schenkelins,
443 2313 618 2398 Theologus
640 2313 786 2392 eximius,
820 2313 992 2397 quamvisa
1024 2311 1150 2376 Paulo
1180 2312 1268 2398 plane

136 2428 320 2508 dissentiret,
346 2429 483 2493 defuncti
507 2434 606 2493 tamen
623 2426 766 2513 Collegae
781 2449 884 2491 manes
906 2449 966 2490 non
986 2426 1074 2510 plane
1089 2426 1269 2490 insalutatos

135 2541 194 2607 sibi
217 2542 413 2607 dimittendos
435 2564 498 2606 esse
522 2549 606 2607 ratus
627 2551 684 2606 est.
733 2542 804 2614 Quo
833 2544 931 2628 igitur
953 2543 985 2606 in
1008 2540 1131 2627 Collega
1157 2543 1269 2628 agendi

135 2658 197 2720 vim
219 2678 254 2720 ac
276 2656 525 2742 promtitndinem
547 2654 650 2720 laudat
673 2661 704 2719 et
726 2656 880 2720 doctrinae
903 2657 1036 2740 copiam,
1067 2662 1133 2720 tum
1162 2657 1270 2720 indus·

135 2770 245 2843 triam,
271 2768 448 2847 candorem,
474 2769 506 2831 in
530 2790 642 2853 egenos
665 2767 904 2832 beneficentiam.
953 2769 1038 2841 Quas
1064 2771 1188 2853 quidem
1214 2773 1272 2837 im·

137 2883 258 2946 meritas
272 2882 365 2946 fuisse
380 2881 484 2946 laudes
499 2903 588 2945 nemo
603 2879 690 2944 facile
710 2881 831 2945 dixerit.
865 2881 982 2946 Verum
1005 2882 1077 2945 haec
1098 2882 1135 2946 de
1150 2884 1271 2949 Panlo

137 2996 249 3060 dixisse
272 2995 564 3073 Schenkelinm‚
598 2995 779 3059 Antiatitnm
809 2994 976 3060 Scminorii
1002 2995 1274 3084 Heidelbcryeaais

136 3109 365 3179 Moderatorem
388 3112 571 3196 eundemque
593 3110 750 3176 &delatis
766 3112 990 3204 Missionoriae
1012 3111 1167 3177 Badensr's
1189 3113 1273 3180 Ora-

137 3235 233 3290 torem
255 3226 457 3311 designatum‚
490 3227 614 3291 fuerunt
642 3227 695 3310 qui
719 3228 885 3312 aegerrime
908 3249 939 3291 se
963 3227 1039 3292 serre
1062 3227 1275 3313 significarent

137 3361 172 3404 ac
201 3338 322 3426 publice
353 3339 633 3425 reprehendendum
660 3348 811 3427 putarent.
860 3343 961 3407 Aliter
994 3349 1074 3406 certe
1099 3365 1139 3422 ae
1169 3344 1275 3428 paullo

138 3453 299 3520 humanius
323 3455 462 3538 Veteres,
475 3456 528 3544 qni
550 3458 690 3522 virtutem
713 3458 746 3522 ia
770 3457 851 3522 torte
866 3458 955 3520 etiam
979 3455 1170 3521 tondendam
1189 3479 1276 3543 prae·

140 3570 277 3659 ciperent
296 3567 355 3655 (l).

144 3759 292 3771 *⁶¹⁸¹-

179 3895 216 3958 (1)
234 3895 297 3946 Vid.
316 3895 414 3962 Eueno.
432 3896 469 3949 K.
489 3897 564 3956 Zeia,
587 3904 660 3959 1851,
680 3897 727 3947 N0·
749 3905 791 3959 96,
806 3901 897 3950 collato
915 3897 982 3963 Arlq.
1001 3898 1130 3959 (Darassa)
1145 3896 1179 3946 K.
1195 3898 1275 3960 Zeia,

148 3993 222 4048 1852,
241 3985 288 4036 No,
305 3992 346 4037 ³5.
370 4014 403 4029 ···
430 3988 518 4042 Pauca
542 3993 573 4042 de
590 3992 635 4042 illo
659 3993 725 4043 vidd.
743 3993 769 4043 in
787 4007 828 4058 op.
846 3993 914 4044 laud.
934 3990 1023 4040 Jaorb.
1042 4007 1099 4039 coer
1117 3999 1168 4040 wat.
1191 3989 1276 4042 Tbcol.

144 4081 195 4137 IX.
216 4089 240 4133 3.
260 4098 285 4147 p.
308 4086 365 4133 596.
