2782 4958
619 361 780 407 consuant.
1193 338 1261 409 '135

121 555 198 603 men
230 531 347 598 redolet
374 531 529 618 glossema.
554 568 595 578 —
620 534 696 595 Tum
726 530 830 614 quod,
855 534 922 614 post
955 534 1152 595 memoratum
1185 531 1263 595 illud

124 649 250 731 λέγων,
275 649 317 713 ita
340 652 458 711 textum
480 646 640 711 constituit
663 646 743 709 idem
767 642 914 709 Tisch.:
941 652 1100 730 θεάσομαι
1122 653 1181 728 τὴν
1202 645 1261 712 δω-

125 763 315 851 δεκάφυλον
339 770 394 830 τοῦ
421 761 566 847 Ἰσραήλ,
592 759 681 845 longo
708 756 817 823 melius
838 762 974 822 testatam
997 763 1076 822 certe
1099 759 1187 824 nobis
1209 781 1261 822 ex·

126 875 215 941 bibet
229 875 400 954 lectionem,
419 897 509 959 quam
529 875 638 940 lecerat
654 874 786 950 Thilo,
810 874 863 957 qui
877 873 977 937 denuo
995 872 1074 938 binis
1089 873 1260 951 obsecutus,

126 1011 205 1074 quos
227 991 382 1067 diximus,
409 989 569 1055 codicibus
592 990 625 1054 (l.
651 995 682 1054 et
704 991 747 1062 0,
774 1009 827 1074 pro
850 987 929 1067 illis,
955 1009 1031 1071 quae
1057 989 1260 1064 recitavimus,

125 1103 227 1170 verbis
244 1103 342 1168 solum
358 1102 447 1168 habet
462 1110 605 1192 ὄψομαι,
628 1108 664 1168 ut
683 1104 828 1167 continuo
847 1109 1004 1186 sequatur:
1031 1109 1059 1170 ai
1080 1109 1177 1187 μόνος
1197 1108 1259 1184 ἐγώ

127 1246 158 1288 κ.
185 1247 220 1286 τ.
246 1220 273 1286 t.
303 1254 341 1263 -
368 1221 410 1283 Ne
432 1218 538 1303 plura;
556 1220 589 1282 in
613 1217 670 1282 hoo
693 1217 813 1301 quidem
837 1217 905 1281 loco
925 1217 1111 1301 expediendo
1134 1239 1167 1281 ac
1190 1238 1262 1281 con·

126 1333 283 1399 stituendo
306 1338 366 1398 tam
393 1333 522 1398 scienter
545 1338 679 1397 versatus
703 1338 747 1396 est
773 1337 805 1396 et
825 1337 887 1397 tam
918 1336 1053 1396 accurate
1076 1331 1261 1396 Tisehau-

127 1448 308 1524 dorlius,
327 1453 363 1513 ut
386 1448 525 1512 universo
547 1446 730 1511 laudandum
752 1445 836 1510 illius
853 1447 1057 1510 existimemus
1080 1467 1113 1512 ac
1135 1468 1263 1528 sequeu-

127 1562 200 1627 dum
221 1562 380 1646 judicium.

172 1678 233 1764 Sed
257 1699 350 1763 pauca
380 1676 527 1741 monenda
556 1681 716 1760 supersunt
746 1675 782 1739 de
813 1695 877 1739 voc.
913 1676 1153 1759 ἂωδεκὰφυλος,
1185 1677 1258 1752 sive,

128 1793 217 1857 sicuti
241 1801 343 1857 aratro
366 1813 475 1877 genero
498 1790 611 1855 Thilo
634 1791 740 1865 edidit,
767 1819 862 1859 —orc
913 1791 999 1864 Quod
1022 1811 1145 1876 magnas
1172 1791 1263 1877 hujus

129 1907 186 1971 loci
210 1908 245 1971 in
268 1905 391 1971 historia
414 1912 511 1991 partes
534 1907 629 1991 egisse
652 1910 780 1973 constat.
829 1907 880 1968 Est
902 1902 979 1967 illud
1003 1912 1064 1967 tam
1087 1927 1186 1969 rarum
1209 1928 1263 1970 vo·

128 2019 281 2098 nabulum,
305 2025 353 2096 ut,
378 2026 525 2104 quantum
549 2021 621 2084 novi
643 2025 734 2102 atque
756 2019 898 2104 indagare
920 2018 1101 2102 potui,'solo
1116 2022 1260 2104 scriptum

128 2140 226 2200 exstet
249 2132 395 2198 hocloco
419 2139 449 2199 et
472 2139 557 2199 Actt.
583 2137 666 2212 App.
693 2134 788 2196 XXVI.
817 2135 856 2206 ἲς
883 2130 936 2196 ubi
958 2153 1019 2195 non
1042 2132 1106 2196 siue
1128 2133 1261 2218 emphasi

127 2273 211 2335 spem
234 2250 359 2335 attingit
381 2247 565 2324 Paullus,
596 2268 683 2331 quam
706 2247 806 2312 foveat
828 2251 864 2313 τὸ
895 2246 1124 2329 δωδεκάφυλον
1155 2255 1259 2332 ἡμῶν,

127 2364 159 2428 id
182 2369 228 2427 est
249 2370 381 2438 coactae,
409 2368 549 2446 quotquot
572 2369 654 2442 auat,
678 2359 790 2439 populi
815 2359 911 2424 ooat'
943 2359 1048 2423 tribua.
1096 2362 1155 2424 Nec
1177 2360 1262 2425 aliter

126 2476 177 2542 hic
200 2475 457 2560 interpretandum
478 2475 598 2559 putavit
620 2473 745 2550 Fabr.;
771 2479 806 2538 ut
828 2471 968 2558 publicus
990 2471 1098 2556 aliquis
1120 2473 1261 2539 Israelita·

126 2613 195 2656 rum
219 2596 324 2655 coetus
345 2589 579 2676 intelligeretur,
603 2609 726 2654 munera
748 2589 808 2652 Deo
831 2588 1034 2660 offerentium,
1057 2609 1147 2672 quem
1170 2610 1262 2672 quas·

126 2707 241 2769 siturus
263 2704 383 2768 adiisset
411 2701 593 2785 loachimus,
624 2707 727 2766 utrum
757 2700 810 2766 alii
841 2701 931 2766 etiam
966 2701 1061 2784 (saort
1083 2704 1116 2766 in
1139 2702 1263 2768 historit
1370 2733 1373 2742 ·

126 2818 298 2888 memorati)
327 2815 441 2882 steriles
472 2815 766 2901 deprehenderentur
797 2817 855 2902 (pii
887 2818 940 2881 Dei
963 2815 1115 2896 cultores).
1165 2819 1262 2882 Nolim

126 2954 199 2998 vero
222 2929 365 3017 praeclari
395 2932 456 2996 lliri
485 2931 561 2996 mihi
584 2953 687 2996 manes
717 2932 896 3013 irascantur,
929 2931 983 2995 ubi
1015 2937 1074 2995 tam
1107 2931 1264 2998 absurdam

127 3046 205 3111 banc
221 3047 325 3111 dixero
339 3047 498 3128 rationem,
514 3067 605 3130 quam
620 3067 658 3110 ne
673 3044 863 3110 librariorum
882 3044 1003 3128 quidem
1018 3045 1095 3109 ferre
1109 3049 1264 3129 potuerint

127 3162 264 3246 ingemo.
296 3160 437 3235 Quamvis
459 3161 540 3224 enim
562 3181 648 3244 saepe
671 3160 808 3244 ineptum
831 3180 893 3222 sese
908 3156 1048 3243 praebeat
1061 3160 1183 3237 hoctor,
1201 3183 1262 3224 non

126 3297 198 3340 eum
217 3275 250 3338 in
267 3274 389 3339 modum
409 3279 509 3338 tamm
530 3272 729 3338 lsratlitarum
747 3273 886 3338 instituta
905 3273 1068 3358 ignoravit,
1087 3279 1122 3337 ut
1139 3273 1170 3336 id
1185 3274 1262 3339 forte

126 3390 286 3474 quaerenti
316 3389 387 3454 Seni
410 3389 580 3474 Pontificem
608 3389 701 3454 Mac.
726 3387 828 3472 potius
852 3386 900 3451 vel
926 3386 1107 3452 moutam
1133 3387 1263 3472 aliquem

125 3505 301 3569 adeundum
323 3503 413 3568 luisse
436 3504 573 3580 nesciret,
600 3524 689 3586 qnam
711 3503 859 3567 duodecim
871 3501 983 3582 populi
1001 3502 1106 3577 tritus.
1155 3505 1263 3570 Verum

126 3619 172 3683 rei
195 3623 285 3701 caput
308 3625 365 3701 est,
390 3619 524 3683 Halaesi
546 3617 699 3682 verissime
722 3621 864 3681 monente
885 3616 1016 3690 Editore,
1054 3617 1135 3700 quod
1159 3641 1196 3682 ex
1219 3641 1263 3682 so-

126 3732 224 3813 lenni,
249 3733 367 3816 qualem
392 3733 613 3817 descripsimus,
639 3732 751 3796 civium
775 3737 937 3805 conventu,
963 3731 1013 3794 cui
1036 3732 1138 3813 modo,
1164 3733 1263 3797 minus

126 3847 294 3912 honorifice
311 3854 468 3934 exceptos,
492 3847 681 3928 interfuerat,
706 3867 788 3912 nunc
811 3847 846 3910 ad
871 3852 907 3915 τὸ
928 3848 1044 3914 rutra.
1070 3869 1132 3910 seso
1152 3850 1262 3933 recipe·

122 3969 186 4028 ret.
235 3965 300 4039 Qua
322 3985 392 4027 curn
414 3985 514 4028 rerum
537 3965 627 4026 scant
650 3960 813 4025 Fabricii
837 3962 997 4025 consistere
1024 3982 1085 4025 non
1109 3982 1193 4046 posse
1216 3965 1263 4026 in-

126 4079 397 4160 terpretationem,
430 4078 500 4160 quis
530 4082 575 4140 est
608 4075 661 4160 qui
702 4098 762 4139 non
793 4074 916 4140 videat?
973 4075 1117 4150 Quocirca
1149 4076 1262 4141 Thilo

127 4192 231 4276 potius
253 4191 341 4256 nobis
363 4196 408 4256 est
429 4191 612 4275 sequendus,
629 4190 843 4275 prae'e'untibus
866 4188 1026 4254 Postello
1050 4211 1084 4254 ac
1099 4192 1259 4268 lonasio,

127 4307 374 4372 decemtribuum
400 4307 603 4392 peccalopicm
624 4305 815 4391 intelligens,
841 4325 875 4384 ac
898 4304 985 4367 docte
1009 4303 1086 4368 hanc
1111 4303 1264 4369 illustrans

127 4422 419 4506 interpretationem.
448 4461 489 4471 -υ
513 4423 601 4486 hliror
625 4426 736 4504 autom,
762 4422 794 4483 in
817 4422 900 4485 tentat
924 4421 1097 4503 praesertim
1124 4420 1262 4485 vocabuli
